2970 5032
720 241 762 305 56

209 442 281 508 riae
304 446 445 508 senatus
469 443 728 525 adversabatur,
752 440 930 522 suspicans
953 439 1114 521 Pompeio
1137 456 1264 504 novam

101 648 103 651 ,
211 580 382 660 quandam
405 579 597 661 potentiam
621 578 754 661 quaeri;
779 555 961 659 Pompeius
984 594 1065 641 vero
1089 576 1265 641 3111311111-

211 720 318 782 tatem
343 716 563 799 perferendae
586 716 671 797 legis
693 716 912 797 incubuerat3
937 718 1128 811 egoautem
1139 730 1265 794 magna

211 872 290 919 cum
325 854 536 936 agrariorum
572 854 683 936 gratia
716 852 959 919 confirmabam
982 852 1134 918 omnium
1157 852 1265 933 priva·

210 997 325 1058 torum
358 991 591 1074 possessiones
635 1027 666 1035 —
705 991 735 1056 is
765 991 856 1056 enim
880 994 933 1056 est
956 993 1072 1055 noster
1096 990 1267 1055 exercitus
1348 1065 1351 1070 ¹

212 1130 407 1213 hominum,
431 1133 471 1194 ut
493 1133 568 1194 tute
592 1129 674 1212 scis,
698 1129 917 1211 locupletium
931 1150 988 1209 —;
1013 1127 1266 1209 populoautem

212 1271 248 1332 et
270 1267 450 1349 Pompeia,
486 1283 568 1330 nam
597 1266 630 1330 id
654 1284 788 1348 quoque
811 1265 989 1348 volebam,
1014 1265 1266 1330 satisfaciebam

213 1403 399 1486 emptione,
424 1419 490 1483 qua
515 1402 704 1468 constituta
728 1402 906 1484 diligenter
930 1406 967 1468 et
989 1402 1159 1468 sentinam
1172 1402 1267 1466 urbis

212 1539 386 1605 exhauriri
431 1542 467 1604 et
512 1538 632 1605 Italiae
671 1539 890 1605 solitudinem
924 1539 1132 1621 frequentari
1166 1557 1267 1620 posse

212 1677 414 1743 arbitrabar.
464 1676 530 1742 Sed
565 1678 649 1742 haec
683 1680 759 1743 tota
787 1695 843 1742 res
866 1677 1086 1758 interpellata
1109 1675 1196 1741 bello
1220 1693 1267 1739 re·

216 1815 391 1882 frixerat.'’

259 1954 347 2019 Huic
374 1953 546 2035 'epistolae
580 1954 719 2020 Atticus
748 1955 797 2019 ita
819 1914 1035 2036 respondisse
1059 1953 1204 2035 videtur,
1229 1956 1268 2016 ut

216 2091 411 2156 Ciceronem
445 2091 662 2172 admoneret,
697 2109 740 2156 ne
774 2092 935 2173 Pompeio
970 2108 1007 2156 se
1030 2091 1131 2156 nimis
1154 2090 1267 2155 adiuu-

215 2233 321 2310 geret.
369 2228 565 2310 Sequuntur
589 2230 679 2294 enim
702 2231 942 2296 excusationes
956 2230 1107 2295 eiusdem
1123 2229 1265 2310 generis,

215 2370 319 2448 atque
351 2366 429 2431 illae
463 2332 561 2450 311111,
597 2385 682 2447 quas
718 2385 821 2449 supra
857 2342 962 2433 verbo
992 2367 1115 2448 attigi:
1140 2368 1199 2449 Ep.
1224 2367 1266 2431 ad

215 2504 289 2569 Att.
314 2504 338 2569 Ι.
376 2505 483 2579 2112.
519 2509 595 2581 (scr.
620 2505 749 2570 Romae
773 2522 890 2571 mense
913 2505 1000 2571 Maio
1025 2522 1055 2571 3.
1080 2507 1134 2579 60)
1170 2505 1268 2590 „Fuit

215 2642 302 2707 ratio
337 2642 419 2706 mihi
453 2642 599 2708 sortasse
635 2643 678 2707 ad
701 2642 986 2725 tranquillitatem
1010 2660 1163 2708 meorum
1186 2648 1267 2707 13111-

214 2796 337 2861 porum
360 2797 428 2844 non
451 2779 598 2861 inutilis,
633 2780 692 2844 sed
716 2779 908 2845 mehercule
931 2778 1136 2861 reipublicae
1160 2778 1267 2843 multo
1351 2745 1376 2768 ⁸

216 2915 321 2980 3113111
343 2915 459 2980 11111131
483 2932 586 2997 quam
609 2915 708 2998 mihi,
733 2915 859 2980 civium
872 2916 1104 2997 improborum
1118 2916 1268 2996 impetus

214 3051 250 3116 in
288 3069 343 3116 me
376 3049 537 3135 reprimi,
573 3070 651 3117 oum
686 3053 832 3118 hominis
867 3053 1077 3134 amplissima
1109 3052 1266 3135 fortuna,

215 3188 441 3271 auctoritate,
466 3188 577 3270 gratia
600 3189 825 3254 fluctuantem
849 3189 1056 3256 sententiam
1077 3190 1268 3255 confirmas-

216 3344 289 3393 sem
325 3330 360 3391 et
394 3343 415 3391 a
449 3344 510 3408 spe
540 3326 710 3392 malorum
742 3327 785 3391 ad
819 3345 973 3392 mearum
995 3345 1109 3392 rerum
1132 3328 1268 3393 laudem

217 3463 489 3545 convertissem3
525 3463 614 3544 quod
653 3464 683 3529 31
718 3482 795 3529 cum
818 3464 931 3545 aliqua
955 3463 1096 3529 levitate
1119 3465 1201 3528 mihi
1225 3465 1269 3529 fa-

217 3601 374 3666 ciendum
397 3600 534 3685 fuisset,
559 3601 689 3667 nullam
712 3620 785 3667 rem
808 3603 899 3667 tanti
922 3603 1184 3686 existimassem,
1209 3605 1268 3669 sed

217 3754 238 3801 a
261 3755 316 3803 me
338 3737 388 3802 ita
412 3742 494 3804 sunt
516 3742 594 3803 acta
618 3739 749 3824 omnia,
773 3757 841 3806 non
864 3745 904 3806 ut
927 3758 989 3822 ego
1013 3741 1060 3805 illi
1077 3742 1269 3807 assentiens

218 3876 335 3958 levior,
360 3875 419 3941 sed
443 3879 482 3940 ut
505 3875 561 3940 ille
584 3894 639 3941 me
662 3879 812 3958 probans
835 3878 971 3959 gravior
993 3879 1197 3944 videretur.”

262 4012 388 4078 Eadem
412 4012 487 4078 aliis
510 4013 625 4079 verbis
648 4018 870 4096 repetuntur:
894 4015 954 4098 Ep.
979 4016 1022 4080 ad
1045 4016 1172 4082 Attii.
1199 4019 1266 4096 1.6,
1327 4049 1332 4053 ·
1380 4009 1385 4016 ’

219 4149 278 4215 sed
314 4149 491 4216 adiicitur:
530 4150 628 4236 „quid
662 4152 691 4216 31
727 4151 831 4217 etiam
867 4151 1068 4236 Caesarem,
1102 4154 1155 4218 cui
1178 4172 1268 4218 nuno
