2970 5032
359 464 446 526 Pomp.
469 462 527 526 Cap.
548 463 591 510 LI.
891 461 983 510 Caesar
1005 459 1064 524 Cap.
1083 459 1156 508 XXI.

218 680 287 740 ώστε
323 680 531 756 ὑπερβαλόντος
558 680 647 738 αύτού
675 680 725 745 τάς
759 685 815 737 τῶν
845 677 1079 749 ἐπιφανεστάτων
1094 675 1209 748 άνδρῶν
1226 679 1271 734 καλ

211 791 316 855 Ἄλπεις
351 792 399 847 καὶ
434 789 662 862 διαχειμάζοντος
695 786 726 846 ἐν
760 793 895 861 μεγίστων
923 785 953 843 οἱ
978 781 1103 844 πλεῖστοι
1130 789 1271 859 συνῆλθον

218 901 323 975 Δούκη,
349 904 405 956 τών
429 901 481 972 μὲν
510 899 599 956 άλλων
616 898 727 968 ἀνδρῶν
762 896 833 968 πρός
860 895 948 954 αύτόν
977 895 1017 959 είς
1044 900 1169 965 Λούκαν,
1195 902 1272 968 Πομ-

156 1063 159 1066 ,
219 1011 268 1066 καὶ
292 1014 434 1082 γυναικῶν
464 1008 660 1081 ἁμιλλωμένων
682 1010 731 1064 καλ
765 1009 850 1079 πήιος
866 1030 898 1066 τε
912 1005 1273 1079 καλΚράσσοςκαὶἌππιος

220 1118 385 1188 φερομένων
392 1117 462 1174 πολύ
470 1121 580 1188 πλῆθος
587 1116 730 1188 γενέσθαι,
766 1113 781 1171 ό
802 1119 851 1187 τῆς
869 1117 1018 1187 Σαρδόνος
1036 1114 1273 1189 ἡχεμώνκαλΝέ-

219 1226 417 1300 συγκλητικούς
444 1226 475 1282 δὲ
502 1230 672 1292 διακοσιόυς,
696 1221 727 1280 ἓν
760 1246 818 1288 πως
849 1223 864 1281 ὁ
889 1229 938 1296 τῆς
964 1229 1080 1301 Ιβηρίας
1095 1224 1275 1298 ἀνθύπατος,

220 1335 261 1400 οἷς
271 1336 319 1391 καὶ
329 1334 477 1407 Πομπήιος
487 1328 523 1405 ἦν
532 1335 580 1389 καλ
590 1331 724 1403 Κράσσος,
760 1330 829 1389 ῶστε
840 1331 1016 1407 ῥαβδούχους
1025 1333 1076 1406 μὲν
1085 1314 1192 1392 ἑκατόν
1201 1339 1275 1392 εἴκο-

220 1443 395 1500 άνθυπάτων
429 1444 460 1500 δὲ
491 1445 539 1499 καί
567 1446 728 1514 στρατηγῶν
763 1463 789 1498 σι
829 1443 972 1514 γενέσθαι,
1008 1444 1209 1516 συγκλητικούς
1243 1447 1275 1503 δὲ

221 1550 323 1610 ἕκατόν
350 1557 438 1610 εἴκοσι
456 1551 579 1627 ρ’άβδους
599 1550 645 1608 ἐπὶ
668 1552 729 1615 ταῖς
763 1555 896 1616 πλείονας
912 1550 932 1624 ἢ
947 1556 1118 1618 διακοσίους.

221 1667 363 1731 Καίσαρος
379 1662 485 1731 θύραις
502 1659 642 1731 ὀφθῆναι.
759 1645 762 1650 ’

180 1785 182 1790 “
255 1776 411 1846 Sequuntur
430 1775 509 1845 plane
528 1774 622 1826 eadem
641 1773 674 1825 dr.
694 1772 899 1840 conditionibua
920 1773 1017 1843 quibus
1035 1773 1224 1829 triumviratus
1234 1794 1277 1830 re·

219 1894 331 1942 novatus
349 1894 397 1942 ast.
417 1887 453 1959 (ξ’)

253 2001 393 2054 Interdum
412 2000 574 2053 Plutarchus
593 2004 646 2051 tam
667 1998 833 2067 negligenter
852 2015 896 2051 res
915 2005 1033 2068 enarrat,
1048 2001 1151 2072 utquid
1161 2002 1188 2056 in
1199 2005 1275 2059 fonte

219 2113 356 2166 communi
379 2111 520 2178 invenerit,
539 2116 597 2164 turn
616 2110 726 2162 demun]
748 2115 884 2178 appareat,
903 2110 925 2163 si
947 2111 1017 2165 lucos
1036 2129 1051 2165 e
1069 2112 1184 2168 diversis
1204 2115 1276 2171 Vitis

219 2239 421 2293 componamus
441 2239 463 2274 e.
483 2239 524 2290 gt:

360 2453 447 2516 Pomp.
471 2452 529 2514 Cap.
551 2451 594 2498 LI.
903 2452 984 2501 Crass.
1008 2455 1065 2519 Cap.
1084 2455 1142 2504 XV.

219 2587 283 2644 Ἐπὶ
318 2588 429 2652 τούτοις
464 2584 655 2658 ἐξενεχθεῖσιν
689 2587 730 2650 εἰς
763 2588 828 2644 Ἐπὶ
856 2588 968 2653 τούτοις
994 2589 1024 2645 ot
1046 2592 1112 2660 περὶ
1142 2593 1277 2661 Κράσσον

221 2695 287 2760 τούς
303 2696 423 2760 πολλούς
440 2680 567 2767 χαλεπῶς
585 2695 689 2765 ἔφερον
699 2695 728 2751 οἷ
763 2696 804 2764 είς
826 2696 934 2769 Ῥώμην
957 2695 1167 2765 ἐπανελθόντες
1185 2687 1277 2768 εύθύς
1336 2705 1341 2714 ’

223 2809 336 2876 πρῶτοι·
363 2807 411 2861 καὶ
429 2811 623 2874 Μαρκελλῖνος
642 2803 672 2862 ἐν
689 2811 726 2881 τῷ
760 2803 833 2878 ἦσαν
850 2804 983 2873 ύποπτοι,
1001 2813 1050 2864 καλ
1071 2809 1163 2874 πολύς
1176 2809 1277 2882 ἐχώρει

225 2917 303 2991 δήμῳ
321 2914 463 2978 καταστάς
480 2915 587 2987 ἀμφοῖν
598 2913 728 2972 ἐναντίον
763 2916 811 2973 διά
829 2916 943 2973 πάντων
964 2910 1161 2989 λόχοςούκέώ
1173 2918 1276 2998 άχαθῷ

222 3023 376 3095 ἠρώτησεν,
395 3025 423 3081 εί
438 3028 565 3096 μετίασιν
581 3021 728 3080 ύπατείαν.
763 3025 911 3097 γεγονέναι
946 3024 998 3096 τὴν
1024 3026 1146 3084 σύνοδον
1173 3028 1277 3087 αύτῶν.

225 3135 280 3189 Καὶ
306 3137 362 3189 τῶν
390 3137 499 3188 πολλῶν
518 3131 730 3203 ἀποκρίνασθαι
762 3132 811 3190 Ἐν
830 3135 861 3192 δὲ
877 3140 910 3209 τῇ
922 3139 1008 3211 βουλῇ
1020 3141 1219 3208 Μαρκελλίνου
1228 3163 1266 3196 κα

222 3244 401 3309 κελευόντων,
437 3247 547 3313 πρῶτος
585 3243 733 3315 Πομπήιος
768 3249 903 3318 Δομιτίου
931 3247 1081 3318 Πομπήιον
1101 3247 1281 3318 ἐρωτώντων,

223 3349 310 3416 εἶπεν,
331 3347 367 3413 ῶς
385 3350 458 3421 τάχα
479 3349 530 3420 μὲν
544 3347 580 3405 άν
590 3353 730 3421 μετέλθοι,
767 3351 796 3408 εί
810 3350 1092 3423 με’τεισινύπατείαν,
1103 3352 1277 3424 ἀπεκρίνατο

223 3458 294 3530 τάχα
311 3459 342 3515 δὲ
362 3458 415 3515 ούκ
433 3456 468 3515 άν
477 3461 618 3530 μετέλθοι·
640 3459 731 3529 Κράσ·
765 3460 851 3531 τυχόν
870 3460 922 3531 μὲν
939 3457 1075 3532 μετιέναι,
1093 3462 1178 3534 τυχόν
1196 3463 1228 3520 δὲ
1238 3467 1276 3536 μὴ

217 3552 271 3632 ’σος
295 3568 327 3624 δὲ
345 3569 570 3640 πολιτικώτερον
589 3567 662 3627 ούτω
679 3567 733 3641 χάρ
767 3569 901 3639 μετιέναι·
931 3573 981 3628 καλ
996 3573 1082 3629 πάλιν
1099 3569 1277 3647 ἐρωτώμενος

224 3680 279 3748 ἔφη
296 3678 422 3746 πράξειν,
441 3676 585 3749 ὁποτέρως
594 3673 630 3734 άν
639 3683 732 3749 οἴηται
770 3677 825 3750 ἔφη
843 3679 973 3750 μετιέναι
988 3689 1047 3746 τοῖς
1064 3686 1186 3749 δικαίοις
1198 3689 1277 3740 πολί-

223 3788 261 3858 τῷ
287 3789 372 3860 κοινῷ
394 3790 541 3843 συνοίσειν.
557 3785 731 3858 Ἐπιφυομέ-
766 3809 835 3854 ταις,
857 3787 894 3859 μὴ
904 3788 1031 3859 μετιέναι
1047 3789 1078 3846 δὲ
1091 3798 1150 3854 τοῖς
1157 3788 1276 3856 άδίκοις.

223 3919 275 3953 νου
301 3894 342 3950 δὲ·
369 3900 507 3970 Πομπηίῳ
537 3900 735 3964 Μαρκελλίνου
773 3897 881 3954 Τούτου
909 3898 941 3955 δὲ
967 3900 1103 3966 δόξαντος
1127 3897 1276 3971 ὑπερηφά-

259 4128 296 4201 (ἓ)
314 4129 344 4183 ln
362 4128 423 4182 Vita
441 4129 529 4182 Crassi
548 4129 611 4200 Cap.
630 4130 699 4182 xlv.
719 4130 837 4185 breviter
855 4132 927 4186 idern
948 4140 1082 4187 narratur.
1156 4204 1158 4210 Ι
