2970 5032
718 352 759 414 79

211 552 270 612 tus
306 547 499 612 consultum
534 548 569 611 in
604 549 716 614 Bibuli
752 553 970 634 sententiam,
1006 557 1046 618 ut
1081 555 1262 635 Pompeius

211 684 331 749 consul
355 684 427 749 sine
451 685 580 765 collega
592 691 774 752 crearetur.
793 689 908 769 Qualis
919 689 1022 754 fuerit
1034 689 1092 754 illa
1104 693 1263 771 ἀναρχία,

213 823 382 905 copiosius
399 826 579 888 narratur:
604 823 688 888 Cato
700 825 778 890 Min.
804 826 884 907 Cap.
897 826 1026 891 XLVII
1049 836 1267 904 ,Σκηπίωνος

213 971 270 1024 καί
300 964 442 1035 Ὑψαίου
456 970 513 1024 καί
548 971 705 1039 Μίλωνος
737 965 900 1028 ὑπατείαν
929 971 1199 1045 μετερχομένων,
1221 969 1262 1027 οὐ

213 1109 321 1175 μόνον
330 1103 469 1179 ἐκείνοις
478 1116 550 1179 τοῖς
561 1110 764 1184 συντρόφοις
772 1107 836 1181 ἤδη
846 1113 902 1166 καί
920 1109 1264 1179 συμπολιτευομένοις

213 1243 408 1318 ἀδικήμασι,
426 1250 650 1321 δωροδοκίαις
666 1252 723 1305 καί
746 1251 938 1319 δεκασμοῖς,
956 1243 1028 1304 ἀλλ’
1048 1245 1205 1322 ἄντικρυς
1222 1243 1257 1305 δι’

214 1375 329 1435 ὃπλων
345 1380 402 1433 καί
411 1377 525 1449 φόνων
535 1377 582 1448 εἰς
592 1372 759 1449 ἐμφύλιον
767 1375 918 1447 πόλεμον
927 1375 1138 1447 ὠθουμένων
1154 1377 1264 1448 τόλμῃ

213 1511 271 1564 καί
288 1495 514 1582 ἀνιονοίᾳ...”
539 1500 646 1564 Simul
670 1517 713 1563 ex
737 1500 790 1565 his
814 1504 958 1581 apparet
977 1500 1179 1582 Hypsaeum
1192 1518 1266 1565 cou-

215 1637 329 1701 sulem.
359 1637 489 1702 iactum
524 1655 591 1702 non
627 1655 719 1718 esse3
762 1632 848 1702 falso
888 1638 991 1718 igitur
1026 1655 1046 1702 a
1081 1637 1264 1706 Plutarcho

216 1774 345 1855 (Pomp.
371 1773 451 1856 Cap.
476 1774 547 1848 LV)
571 1777 656 1855 ἀνὴρ
673 1777 835 1851 ὑπατικὸς
856 1778 1011 1839 vocatur.

260 1911 349 1976 Casu
374 1895 522 1991 quodam
546 1911 670 1976 accidit
692 1915 732 1976 ut
754 1929 944 1992 perpaucae
961 1910 1131 1975 Ciceronis
1147 1911 1267 1991 episto·

220 2049 272 2114 lae
310 2049 484 2130 supersint
520 2067 550 2114 a.
580 2050 622 2113 53
646 2052 681 2114 et
703 2067 733 2114 a.
762 2051 804 2113 52
827 2048 1060 2131 conscriptae;
1084 2049 1200 2129 itaque
1224 2047 1267 2112 ad

222 2185 297 2268 Cup.
322 2186 389 2250 LV
405 2187 488 2251 nihil
512 2186 602 2251 aliud
627 2187 862 2252 annotandum
886 2191 949 2270 est,
973 2187 1038 2252 nisi
1061 2185 1268 2267 quodetiam

217 2341 238 2388 a
269 2324 429 2390 Cicerone
461 2325 591 2389 Bursae
627 2325 754 2390 iudices
783 2325 987 2390 laudantur:
1024 2325 1083 2406 Ep.
1106 2324 1149 2388 ad
1172 2324 1266 2388 Fam.

217 2460 292 2527 VII.
317 2463 347 2526 2.
373 2464 402 2526 3.
430 2479 636 2546 „numquam
659 2462 719 2525 ulii
741 2461 1266 2542 tortiorescivesfueruntquam

217 2601 275 2682 qui
300 2601 374 2665 ausi
397 2602 479 2664 sunt
502 2616 580 2663 eum
604 2599 772 2674 (Bursam)
796 2602 915 2662 contra
937 2601 1055 2662 tantas
1079 2616 1161 2679 opes
1183 2599 1266 2682 eius,

218 2758 239 2804 a
266 2757 331 2821 quo
355 2739 420 2820 ipsi
442 2737 521 2802 lecti
545 2737 672 2802 iudices
697 2739 806 2819 erant,
831 2734 1088 2801 condemnare.'’

254 2877 468 2952 ,obscuriora
492 2879 574 2940 sunt
596 2892 683 2956 quae
710 2875 788 2955 Cup.
812 2873 898 2937 LVI
916 2873 1100 2938 traduntur
1118 2894 1124 2953 ;
1139 2872 1267 2937 Plutar-

219 3016 304 3080 chus
337 3013 427 3078 euim
465 3011 642 3092 praeteriit
675 3010 784 3090 legem
816 3009 1013 3090 Pompeiam
1045 3009 1086 3073 de
1108 3009 1180 3073 iure
1202 3027 1267 3073 ma·

219 3153 439 3234 gistratum,
476 3150 591 3230 itaque
626 3147 787 3230 confudit,
823 3165 910 3228 quae
944 3151 1098 3227 tempore
1133 3147 1268 3211 diversa

220 3295 311 3357 sunt.
348 3287 395 3354 Cf.
433 3287 528 3352 Suet.
563 3284 637 3350 Diu.
678 3283 739 3349 Iul.
775 3284 855 3365 Cap.
876 3282 1051 3348 XXVIII:
1079 3282 1269 3367 „acciderat

220 3430 347 3510 autem,
369 3429 409 3490 ut
429 3424 462 3490 is·
491 3421 696 3511 (Pompeius)
720 3420 829 3500 legem
854 3420 895 3485 de
919 3421 991 3484 iure
1003 3419 1269 3499 magistratuum

221 3562 333 3627 ferens
354 3579 393 3627 eo
417 3560 538 3643 capite,
560 3576 626 3641 quo
650 3557 814 3639 petitione
834 3558 1001 3622 honorum
1021 3558 1182 3621 absentes
1195 3557 1269 3621 sub·

221 3697 393 3779 movebat,
421 3715 464 3761 ne
497 3697 677 3762 Caesarem
698 3695 831 3776 quidem
856 3695 1029 3776 exciperet
1051 3711 1111 3775 per
1135 3693 1272 3758 oblivio-

221 3850 321 3899 nem:
342 3850 382 3897 ao
415 3851 505 3914 mour,
530 3822 604 3913 lege
627 3833 695 3897 iam
718 3832 753 3896 in
780 3849 839 3897 aes
861 3829 968 3896 incisa
989 3835 1025 3896 et
1047 3832 1081 3894 in
1101 3832 1270 3922 aerarium

221 3970 369 4053 condita,
394 3970 577 4050 corrigeret
607 3968 787 4035 errorem.''
835 3968 966 4035 Partim
987 3969 1029 4032 ad
1052 3969 1267 4050 hanclegem

214 4108 347 4192 ,partim
392 4107 435 4171 ad
473 4123 514 4171 ea
552 4123 638 4186 quae
676 4105 811 4171 biennio
840 4109 919 4187 post
952 4109 1030 4170 acta
1067 4110 1165 4188 sunt,
1200 4125 1269 4188 per-

220 4246 329 4311 tinere
364 4244 499 4309 videtur
533 4242 621 4323 quod
661 4243 702 4306 de
735 4242 890 4307 Caesaris
914 4242 1058 4324 epistola
1089 4242 1269 4307 narratur:
