2970 5032
723 353 765 416 33

216 567 303 634 cum,
329 530 394 615 'cui
429 554 510 615 ante
545 550 763 632 septennium
799 550 889 614 idem
914 551 1095 631 imperium
1119 551 1272 616 delatum

216 691 291 752 erat
313 690 355 764 (ἓ)
379 691 483 768 atque
507 686 679 771 Pompeio,
705 692 740 753 et
763 688 820 770 qui
843 688 951 753 totius
976 705 1054 753 orae
1078 688 1271 753 maritimae

215 828 353 889 curator
374 825 543 890 Misenum
566 825 670 890 etiam
694 827 757 891 sub
783 825 910 891 ditione
934 827 1093 890 hahebat.
1110 824 1271 891 Fortasse

217 963 387 1029 CretIoum
410 981 598 1043 cognomen
621 963 805 1029 Plutarcho
828 965 1001 1047 imposuit,
1025 965 1075 1030 ita
1098 969 1137 1030 ut
1159 966 1271 1030 virum

217 1098 458 1181 triumphalem
482 1117 560 1165 eum
582 1100 688 1166 fuisse
711 1100 873 1166 crederet.
899 1100 939 1166 cI.
953 1101 1042 1167 Plut.
1056 1101 1183 1166 Antou.
1198 1119 1270 1182 cap.

147 1290 151 1298 ,
218 1235 233 1298 I
247 1255 253 1300 :
289 1234 420 1308 »πατὴρ
437 1231 638 1298 (Ἀντωνίου)
655 1231 850 1310 ὁΚρητικὸς
864 1232 1269 1308 ἑπικληθεὶςἊντώνιος.”

216 1371 317 1445 Hunc
340 1371 530 1437 Antonium
553 1390 741 1453 numquam
764 1373 1005 1456 triumphasse,
1031 1373 1145 1438 Cicero
1170 1379 1272 1438 testa·

215 1511 293 1574 tur:
328 1509 375 1584 (in
410 1508 508 1575 Verr.
541 1509 599 1574 IH.
624 1510 677 1574 91.
703 1510 790 1584 213.)
817 1511 1037 1594 „Antonium
1062 1529 1139 1575 cum
1163 1511 1273 1577 multa

215 1651 335 1712 contra
384 1648 552 1712 sociorum
592 1648 749 1730 salutem,
786 1649 896 1714 multa
933 1654 1051 1713 contra
1085 1650 1271 1714 utilitatem

215 1785 468 1867 provinciarum
493 1789 528 1851 et
550 1785 679 1851 faceret
702 1792 737 1850 et
761 1787 937 1868 cogitaret,
963 1787 996 1849 in
1011 1787 1129 1850 inediis
1141 1787 1273 1851 iniuriis

217 1921 289 1986 eius
312 1909 353 1986 et*
371 1922 615 2003 cupiditatibus
639 1939 731 1986 mors
756 1920 958 2003 oppressit.'’
990 1957 1021 1965 -

260 2059 349 2139 Lege
373 2059 518 2124 Gabinia
541 2059 674 2140 perlata
698 2061 740 2134 (i)
764 2059 946 2140 Pompeius
970 2059 1097 2123 tellum
1121 2061 1272 2141 suscepit

217 2200 336 2262 contra
359 2196 557 2277 praedones.
587 2196 756 2276 Bipartito
781 2197 844 2260 hoc
868 2196 994 2260 bellum
1019 2197 1155 2262 divisit:
1181 2197 1270 2263 Plut.

216 2335 297 2416 Cap,
309 2332 431 2398 XXVI
443 2332 676 2398 »παντάπασιν
695 2327 845 2404 ἐκάθηρε
862 2335 931 2388 τῶν
948 2328 1074 2389 αὐτόθι
1083 2336 1271 2407 λῃστηρίων

215 2467 255 2525 τὸ
298 2464 504 2540 Τυρρηνικὸν
529 2463 684 2534 πέλαγος,
710 2464 750 2519 τὸ
776 2464 935 2534 Δυβικὸν,
962 2465 1002 2520 τὸ
1020 2469 1096 2538 περὶ
1113 2467 1271 2539 Σαρδόνα

217 2604 273 2657 καὶ
299 2599 435 2673 Κύρνον
451 2602 508 2654 καὶ
525 2599 683 2654 Σικελίαν
700 2594 841 2669 ἡμέραις
859 2598 1111 2671 τεσσαράκοντα
1128 2606 1202 2668 ταῖς
1209 2600 1270 2654 πά-

218 2738 306 2808 σαις”
340 2735 461 2800 deinde
496 2751 623 2815 paucos
658 2733 729 2797 dies
763 2733 932 2796 initalia
956 2738 1120 2816 moratus,
1152 2736 1271 2818 „unde-

217 2872 496 2954 quinquagesimo
521 2871 574 2934 die
597 2874 708 2934 totam
731 2869 773 2933 ad
797 2869 977 2950 imperium
998 2871 1113 2952 populi
1126 2872 1270 2935 Romani

217 3009 368 3074 Ciliciam
391 3008 570 3072 adiunxit''
595 3006 1000 3087 (prolegeMan.12.35).
1026 3010 1149 3072 Totum
1167 3009 1270 3089 igitur

169 3153 172 3157 ’
216 3148 343 3212 bellum
366 3146 409 3210 ad
432 3144 536 3210 finem
559 3144 761 3226 perductum
779 3147 832 3208 est
855 3140 942 3208 „oda
959 3140 995 3200 ἐν
1008 3145 1139 3199 πλείονι
1156 3143 1269 3216 χρόνῳ

215 3285 320 3357 τριῶν
335 3284 471 3353 μηνῶν”
512 3286 596 3362 (cap.
632 3280 796 3354 XXVIII)
826 3279 916 3360 quod
940 3279 1043 3343 etiam
1066 3296 1087 3341 a
1112 3277 1271 3341 Cicerone

251 3555 289 3628 (5)
313 3555 383 3610 Vell.
400 3554 459 3609 Par.
477 3553 510 3607 Π.
529 3552 573 3607 31.

251 3675 295 3748 (ᾧ)
313 3676 353 3731 Ex
371 3676 413 3743 iis,
431 3691 501 3745 qnae
518 3672 589 3743 apud
608 3671 766 3726 Ciceronem
784 3669 958 3723 inveniuntur
977 3667 1038 3739 (pro
1058 3667 1117 3736 lege
1136 3665 1206 3720 Man.
1226 3666 1270 3719 17.

173 3784 176 3789 ⁵
215 3797 251 3851 52
280 3804 307 3853 et
325 3796 369 3851 15.
385 3794 432 3868 ίιίι)
454 3799 535 3866 patet,
554 3791 698 3845 Gabinium
718 3806 771 3844 non
789 3787 948 3843 nominatim
968 3786 1002 3839 de
1025 3786 1152 3856 Pompeio
1171 3787 1218 3839 sed
1236 3786 1270 3839 de

215 3934 269 3971 uno
295 3917 459 3987 imperatore
478 3918 571 3967 contra
589 3911 739 3982 praedones
760 3906 948 3962 constituendo
968 3906 1055 3975 legem
1074 3905 1270 3975 promulgasse,

214 4036 345 4108 populum
372 4041 463 4089 autem
490 4049 576 4086 unum
603 4031 654 4085 sihi
682 4029 842 4099 pompelum
862 4027 1054 4096 imperatorem
1073 4024 1269 4094 depoposcisse.

156 4128 159 4133 ¹
214 4155 296 4209 Plura
314 4155 349 4208 de
366 4155 418 4207 hac
438 4170 469 4206 re
487 4151 632 4220 disputavit
653 4148 695 4202 vir
714 4148 782 4200 doct.
801 4147 823 4199 J.
843 4145 875 4198 G.
892 4145 975 4214 Lely:
997 4144 1159 4197 Plutarchus
1179 4144 1267 4212 ellip-

216 4277 312 4348 pianus
329 4273 363 4327 de
381 4274 459 4327 hellis
477 4270 599 4325 Mithrid.
619 4286 677 4339 pag.
698 4267 742 4321 36.

1114 4390 1134 4449 3
