2970 5032
716 348 756 412 31

214 551 250 613 to
274 546 426 613 Ciceroni
448 548 556 613 oratio
580 547 753 623 tribuitur)
768 547 990 631 ,Pompeium
1002 552 1160 613 nostrum
1176 550 1259 611 cete·

214 684 262 750 ris
273 685 376 750 rebus
389 685 546 750 omnibus
558 701 692 767 semper
701 684 922 768 amplissimis
934 685 1144 766 summisque
1157 683 1258 749 effero

215 821 383 905 laudibus,
408 821 450 886 de
473 821 656 887 tribunicia
668 825 842 904 potestate
854 827 961 906 taceo,
975 839 1038 887 nec
1051 823 1141 887 enim
1154 839 1261 903 repre-

216 959 366 1026 hendere
389 959 473 1025 libet
494 976 556 1025 nec
567 959 707 1025 laudare
720 955 893 1042 possum.’'
907 959 1052 1036 (Marcus
1066 958 1260 1041 respondet.)

219 1095 300 1177 Cap.
317 1095 367 1161 11.
394 1095 612 1180 „Pompeium
630 1094 1260 1177 11111111111111111111111111111111111

219 1233 353 1325 probas,
379 1232 438 1297 vix
462 1232 547 1298 satis
570 1232 653 1297 mihi
677 1233 759 1297 illud
784 1232 909 1298 videris
932 1232 1119 1315 attendere,
1133 1250 1200 1297 non
1213 1250 1260 1297 so·

218 1369 288 1434 lum
311 1368 341 1433 ei
364 1368 444 1450 quid
468 1372 560 1434 esset
583 1369 749 1451 optimum
762 1368 945 1434 videndum
957 1369 1071 1453 fuisse,
1084 1368 1144 1434 sed
1157 1369 1260 1434 etlam

215 1504 295 1586 qnid
318 1505 557 1570 necessarium.
583 1504 695 1570 Sensit
720 1505 810 1569 enirn
834 1504 945 1570 deberi
970 1522 1038 1570 non
1061 1521 1162 1586 posse
1183 1504 1260 1569 huic

215 1640 348 1706 civitati
371 1641 465 1706 illam
488 1644 717 1724 potestatem:
742 1643 867 1724 quippe
890 1659 992 1723 quam
1016 1645 1197 1724 tantopere
1208 1658 1261 1724 po·

216 1779 319 1862 pulus
353 1783 471 1845 noster
502 1779 655 1860 ignotam
689 1780 886 1863 expetisset,
920 1780 977 1861 qui
1007 1784 1124 1862 posset
1148 1797 1262 1845 carere

218 1917 380 1998 cognita?
416 1886 587 1998 Sapientis
610 1921 727 1982 autem
750 1917 834 1983 civis
857 1917 921 1982 luit
944 1934 1084 1982 causam
1107 1934 1169 1982 nec
1193 1934 1262 1998 per·

217 2053 379 2120 niciosam
403 2059 439 2120 et
461 2055 511 2120 ita
533 2057 742 2138 popularem,
767 2060 806 2120 ut
829 2073 896 2121 non
920 2059 1037 2137 posset
1049 2055 1178 2136 obsisti,
1192 2071 1261 2136 per·

216 2191 342 2257 niciose
365 2190 520 2273 populari
543 2191 608 2256 civi
631 2209 700 2257 non
723 2191 943 2273 relinquere.”

260 2328 395 2393 Nemini
408 2327 522 2393 Cicero
535 2329 763 2413 persuadebit,
775 2328 975 2411 Pompeium
986 2329 1048 2395 tali
1060 2335 1260 2411 argumento

217 2464 404 2530 adductum
430 2481 506 2530 1111
529 2468 569 2529 ut
591 2464 808 2530 tribuniciam
820 2469 1030 2546 potestatem
1042 2467 1257 2548 restitueret;

217 2602 424 2686 probabilior
447 2619 488 2667 ea
510 2601 685 2667 excusatio
710 2606 773 2684 est,
798 2619 901 2682 quarn
924 2602 1128 2669 Plutarchus
1144 2604 1260 2670 affert:

217 2739 381 2822 populum
404 2737 498 2803 nulla
520 2755 557 2802 re
579 2737 689 2819 magis
712 2738 874 2821 Pompeio
890 2739 1098 2804 reconciliari
1109 2741 1261 2822 potuisse

217 2893 319 2958 quam
357 2875 416 2940 illa
449 2875 676 2958 restitutione,
711 2893 820 2958 neque
852 2877 940 2942 hanc
963 2894 1066 2943 aurae
1089 2879 1261 2960 popularis

216 3011 407 3094 captandae
437 3012 650 3077 occasionem
673 3015 716 3078 ab
742 3032 781 3079 eo
806 2983 1085 3097 praetermissam
1109 3033 1194 3082 esse.
1221 3019 1262 3093 (ὅ)

216 3148 254 3212 ld
278 3165 414 3230 semper
436 3148 515 3230 egit,
537 3151 577 3213 ut
589 3148 714 3213 civium
725 3125 984 3224 admirationem
999 3156 1171 3218 moveret:
1185 3153 1263 3218 hinc

216 3285 298 3350 illud
322 3263 567 3368 spectaculum,
585 3302 660 3350 cum
674 3287 813 3356 indutus
827 3288 1016 3369 insignibus
1029 3289 1263 3354 consularibus

217 3419 253 3480 et
285 3433 409 3497 equum
441 3433 545 3480 manu
576 3415 747 3482 adducens
776 3418 883 3485 Gellio
907 3423 943 3485 et
965 3420 1108 3485 Lentulo
1131 3438 1168 3486 se
1192 3437 1263 3485 cen-

199 3546 362 3612 sendum
386 3545 533 3630 offerret,
557 3551 600 3623 (†)
625 3547 703 3612 hinc
726 3549 830 3613 etiam
854 3549 912 3614 illa
931 3550 1053 3631 cautio,
1068 3568 1172 3631 quarn
1183 3557 1262 3632 post

218 3678 434 3744 consulatum
456 3677 622 3760 adhibuit,
647 3696 689 3744 ne
712 3680 815 3746 nimis
836 3680 870 3745 in
882 3681 1055 3762 publicum
1067 3681 1262 3763 prodeundo

254 4030 292 4104 (ᾖ)
312 4033 345 4087 cf.
373 4049 443 4103 quae
471 4032 563 4086 Cicero
590 4029 684 4087 narrat
710 4033 744 4087 de
763 4033 851 4104 prima
868 4033 998 4103 contione,
1018 4051 1099 4105 quam
1119 4034 1263 4105 Pompeius

218 4145 313 4198 consul
338 4145 492 4216 designatus
518 4145 552 4198 ad
587 4145 684 4198 urbem
702 4146 804 4199 habuit.
823 4145 876 4200 Cic.
897 4146 924 4201 in
943 4146 1021 4201 Verr.
1044 4153 1094 4201 act⁴
1118 4147 1137 4200 Ι.
1155 4147 1198 4201 16.
1218 4146 1263 4201 [15.

253 4256 296 4329 (†)
314 4257 383 4312 Plnt.
402 4258 494 4328 Pomp.
514 4257 576 4327 Cop.
595 4257 677 4311 XXll.
