2970 5032
720 309 760 373 71

216 526 218 528 ’
257 509 311 572 Ad
335 507 602 588 intelligendum,
627 507 706 588 quid
731 507 912 573 Caesarem
935 508 1108 589 impulerit
1125 513 1164 573 ut
1176 509 1264 574 hanc

214 663 313 726 opem
346 645 459 727 ferret,
495 645 632 709 omnino
668 644 883 709 observanda
918 644 1077 709 videntur
1118 661 1205 725 quae
1230 644 1264 708 in

213 785 337 846 senatu
375 781 416 845 de
451 798 533 862 agro
569 782 742 864 Campano
767 787 846 846 acta
873 784 964 846 sunt.
1012 781 1099 862 Quin
1122 781 1207 846 haec
1230 785 1266 846 et

215 918 351 982 Caesari
374 922 411 983 et
433 918 593 1000 Pompeio
617 919 763 983 molesta
789 918 916 982 fuerint
940 921 975 982 et
995 899 1142 983 multum
1154 918 1266 983 value-

213 1056 284 1119 rint
307 1055 349 1119 ad
372 1055 571 1120 triumviros
594 1055 629 1119 in
654 1054 852 1121 concordiae
867 1055 1042 1120 vinculum
1055 1055 1265 1138 redigendos,
1330 1143 1333 1148 .

215 1191 274 1254 vix
296 1191 520 1255 dubitandum
545 1195 608 1256 est.
656 1191 722 1255 Cur
745 1191 938 1274 Pompeius,
962 1191 1027 1256 nisi
1051 1192 1266 1257 1001111010

216 1328 368 1411 haberet,
403 1328 504 1409 paulo
538 1332 617 1410 post
641 1332 848 1392 conventum
872 1328 968 1392 illum
991 1332 1064 1392 tarn
1088 1327 1267 1408 diligenter

126 1480 130 1486 ·
216 1482 293 1529 cum
317 1465 353 1546 Q.
379 1464 537 1529 Cicerone
561 1464 602 1529 de
625 1465 667 1530 M.
695 1464 800 1528 fratre
824 1465 951 1545 egisset
974 1469 1026 1548 (5),
1049 1483 1091 1529 10
1114 1465 1169 1530 hic
1191 1465 1268 1530 Cae·

216 1603 303 1667 saris
325 1602 525 1683 dignitatem
550 1603 793 1684 oppugnaret?
840 1601 954 1668 Cicero
980 1603 1070 1667 enim
1093 1603 1127 1667 in
1144 1604 1208 1668 hac
1232 1619 1268 1667 re

216 1758 342 1821 magna
368 1739 509 1805 molitus
532 1744 616 1823 erat,
641 1740 766 1822 quippe
782 1740 835 1804 cui
849 1744 990 1805 senatus
1002 1744 1094 1806 esset
1106 1758 1268 1806 assensus

217 1877 324 1942 Nonis
347 1877 455 1958 April.
480 1895 510 1942 1.
536 1879 577 1941 56
602 1881 655 1959 (t),
680 1881 719 1942 ut
743 1877 784 1941 de
808 1895 889 1958 agro
907 1877 1080 1959 Campano
1100 1878 1268 1958 frequenti

121 1994 128 2009 .
220 1997 340 2078 senatu
378 2013 494 2079 idibus
523 2014 620 2078 Maiis
642 2013 836 2079 referretur.
882 2014 932 2078 At
958 2032 1040 2079 mox
1064 2015 1177 2101 011111
1201 2033 1269 2082 1111·

220 2153 357 2216 tantur:
393 2151 452 2233 llp.
488 2153 531 2216 ad
566 2152 603 2233 Q.
638 2151 678 2217 fr.
712 2152 752 2218 Π.
787 2154 817 2217 6.
843 2153 1269 2229 11101101110110110

218 2285 304 2351 Maio
338 2305 367 2351 a.
404 2290 446 2352 56
483 2262 584 2373 „ante
617 2288 705 2369 quod
741 2288 857 2353 lditus
892 2292 927 2354 et
961 2290 1125 2370 postridie
1158 2290 1270 2355 fuerat

219 2423 348 2488 dictum
379 2424 420 2488 de
443 2441 524 2504 agro
549 2423 722 2506 Campano
748 2426 937 2508 acturum,
962 2444 1030 2490 non
1055 2432 1108 2491 est
1131 2431 1268 2509 uoturn3

219 2561 253 2623 in
276 2560 341 2624 hac
365 2577 468 2624 causa
492 2561 574 2623 mihi
598 2565 688 2641 aqua
711 2561 861 2643 lraeret.”
898 2562 1005 2626 lmmo
1031 2565 1136 2628 etiarn
1154 2565 1268 2628 Cicero

219 2699 316 2762 idem·
343 2698 439 2763 brevi
475 2701 554 2779 post
587 2698 745 2779 princeps
769 2701 804 2762 01
827 2703 947 2762 auctor
970 2699 1044 2779 fuit,
1071 2704 1108 2763 ut
1134 2701 1269 2765 Caesari

220 2815 427 2916 stipendium
451 2839 486 2899 et
509 2835 544 2898 X
566 2834 670 2914 legati
694 2834 955 2899 decernerentur
980 2839 1015 2899 et
1037 2853 1080 2898 ne
1093 2835 1167 2916 lege
1181 2836 1271 2900 Sem·

220 2970 339 3050 pronia
374 2970 611 3054 succederetur
647 2973 693 3046 (ἢ,
740 2971 817 3052 lpse
850 2971 914 3035 sibi
952 2972 986 3034 in
1023 2973 1177 3037 oratione
1210 2991 1270 3053 pro

220 3108 326 3173 Balbo
350 3107 555 3189 persuadere
579 3111 722 3171 conatur
747 3106 996 3192 „inconstantis
1019 3125 1272 3190 1010110101-

220 3246 363 3310 tentiam
389 3250 566 3325 tamquam
590 3242 726 3324 aliquod
751 3244 925 3324 navigium
949 3248 1052 3325 atque
1077 3262 1214 3310 cursum
1228 3262 1271 3308 ex
1312 3330 1314 3334 y
1375 3300 1378 3306 1

220 3383 267 3445 rei
291 3381 446 3464 publicae
471 3383 678 3461 tempestate
690 3377 890 3464 moderari'',
904 3387 942 3445 at
961 3386 1170 3462 quantopere
1183 3382 1271 3444 hanc

255 3557 1235 3568 --——-..-..-..-—----—-——.-...-...—.-......-..-

254 3644 287 3715 (ἓ)
310 3645 356 3715 Ep.
376 3646 410 3699 ad
428 3647 503 3699 Fam.
522 3647 541 3700 Ι.
562 3646 587 3699 9.
609 3645 634 3698 9.

254 3755 293 3827 (1)
311 3757 359 3828 Ep.
378 3758 412 3811 ad
430 3757 505 3815 Fam.
523 3757 543 3826 Ι,
561 3757 587 3814 9.
606 3756 632 3812 8.

308 3877 341 3932 cf.
360 3876 409 3947 Ep.
426 3877 461 3930 ad
479 3877 510 3940 Q.
527 3877 561 3932 fr.
579 3876 611 3930 ll.
630 3876 655 3932 5.
675 3876 700 3931 l.
763 3930 765 3938 .

376 4007 389 4042 ))
438 4008 450 4042 ))
490 4007 503 4041 1)
535 4007 548 4041 )1
577 3989 608 4042 ΙΙ.
628 3989 698 4045 1.1.

254 4109 288 4181 (*)
307 4109 360 4164 Cic.
380 4125 429 4180 pro
446 4109 529 4162 Balbo
547 4108 591 4162 27.
610 4109 657 4165 dl.

329 4248 341 4281 1
379 4228 412 4280 de
432 4244 507 4298 prov.
526 4243 598 4280 cons.
617 4226 660 4280 ll.
679 4227 722 4281 28.
