3054 5032
743 342 786 404 26

238 541 434 606 Memmium
467 542 536 605 iam
559 546 639 606 ante
661 542 810 623 Pompeii
836 541 1023 611 adventum
1048 560 1124 607 oum
1146 542 1282 609 Metello

238 677 272 740 iu
296 677 463 758 Hispania
484 678 598 744 tuisse.
622 678 749 742 Deinde
771 677 952 759 Pompeius
975 696 1054 744 eum
1067 686 1282 760 quaestorem

240 815 368 897 hahuit,
393 815 445 880 oui
468 815 537 879 iam
559 816 655 881 initio
676 816 755 880 anui
779 816 820 880 81
844 816 879 879 in
897 815 1048 881 Africam
1063 817 1283 899 proficiscens

239 950 387 1016 Siciliam
410 953 620 1033 provinciam
643 953 948 1018 administrandam
975 954 1123 1020 dederat.
1155 956 1282 1021 Eodem

238 1105 327 1153 anno
354 1092 415 1154 aut
437 1106 526 1154 anno
554 1090 708 1170 sequenti
727 1089 770 1154 M.
782 1089 948 1155 Aemilius
958 1090 1105 1172 Lepidus
1117 1110 1177 1174 pro
1190 1110 1282 1174 prae

237 1230 311 1291 tore
333 1227 367 1290 in
389 1225 537 1290 Siciliam
561 1227 657 1292 venit
679 1225 756 1303 (Cio.
781 1226 816 1290 in
843 1226 939 1294 Verr.
963 1228 1004 1294 Π.
1027 1230 1057 1295 3.
1083 1230 1129 1312 8.,
1149 1230 1206 1296 ΠΙ.
1227 1232 1281 1297 91.

238 1365 326 1439 212.)
345 1363 523 1428 Memmius
546 1363 650 1444 igitur
672 1322 776 1444 quum
804 1365 947 1429 Romam
959 1365 1115 1431 rediisset
1127 1384 1203 1431 eum
1219 1367 1283 1432 Me·

238 1500 318 1566 tello
341 1502 376 1565 in
400 1501 602 1582 Hispaniam
624 1503 796 1583 proiectus
819 1519 894 1566 esse
915 1501 1058 1568 videtur.

282 1637 498 1702 Obsidionem
519 1636 732 1718 Carthaginis
755 1637 873 1702 Novae
885 1641 926 1714 (ὅ)
939 1637 1043 1714 (illam
1056 1639 1146 1704 enim
1161 1641 1281 1706 urbem

271 1897 308 1969 (ᾗ)
326 1896 452 1968 Suspicor
469 1898 503 1951 ad
521 1899 598 1976 hano¹
608 1897 777 1967 Carthaginis
795 1913 879 1951 novae
892 1899 1056 1953 obsidionem
1067 1900 1208 1954 referenda
1221 1917 1281 1954 esse

236 2018 289 2071 duo
308 2017 424 2072 Sallustii
443 2018 601 2088 fragmenta.
629 2018 692 2073 Sall.
711 2019 778 2072 Hist.
797 2019 890 2089 fragm.
910 2018 969 2088 (Ed.
989 2019 1075 2090 Kritz)
1093 2020 1117 2073 ll
1135 2018 1177 2074 81.
1209 2020 1281 2074 »Du-

209 2148 212 2151 ·
236 2137 310 2190 bium
328 2152 363 2191 an
386 2136 474 2191 insula
492 2138 534 2199 sit,
553 2136 624 2206 quod
642 2137 701 2190 euri
719 2142 800 2207 atque
818 2137 901 2190 austri
918 2137 1075 2207 superiectis
1091 2138 1278 2192 ssuotibuscir·

236 2256 422 2310 cumlavitur·.”
441 2261 476 2310 et.
488 2232 526 2309 Π.
544 2254 587 2308 82.
605 2256 730 2309 alliorum
749 2256 783 2309 ab
800 2256 898 2326 angulo
912 2256 997 2309 dextri
1008 2256 1098 2310 lateris
1108 2257 1141 2310 ad
1152 2257 1277 2328 paludem

237 2377 310 2430 haud
336 2377 428 2447 procul
456 2382 587 2430 remotam
614 2376 716 2430 duxit.”
745 2376 787 2429 Ad
814 2376 931 2446 priorem
951 2377 1038 2430 locum
1059 2377 1133 2432 Kritz
1151 2379 1277 2434 adnotat:

240 2495 310 2548 »Hoc
340 2501 430 2548 tamen
454 2513 486 2548 ex
504 2496 629 2549 universo
646 2496 703 2550 loeo
722 2502 802 2566 patet,
820 2512 974 2550 sermonem
994 2513 1052 2550 esse
1071 2498 1104 2551 de
1122 2484 1279 2567 paeninsula

237 2615 292 2667 sive
314 2613 404 2684 lingua
421 2615 494 2668 tenui
513 2614 540 2668 in
559 2630 634 2668 mare
652 2621 836 2685 procurrente,
854 2616 930 2670 euius
949 2632 1011 2686 pars
1030 2616 1174 2671 continenti
1193 2617 1281 2687 proxi-

237 2750 281 2787 ma
298 2734 434 2787 interdum
453 2734 489 2788 ita
510 2734 636 2787 fluctibus
654 2735 823 2802 obrueretur,
841 2740 879 2803 ut,
890 2751 960 2804 quae
970 2736 1126 2804 paeninsula
1136 2742 1206 2790 esset
1216 2753 1280 2791 vera

236 2853 323 2914 insula
341 2853 424 2906 videri
443 2859 541 2922 posset,
558 2854 600 2907 vel
619 2870 715 2924 parum
733 2854 851 2921 abesset,
870 2855 934 2923 quin
956 2871 1035 2908 verae
1044 2855 1147 2908 insulae
1157 2856 1275 2926 speeiem

236 2971 401 3041 praeberet.”
428 2972 499 3026 Haeo
516 2972 650 3042 quadrant
668 2988 729 3026 curn
749 2972 781 3026 iis
800 2973 890 3041 rebus,
911 2989 978 3043 quas
997 2973 1121 3044 Polybius
1142 2981 1169 3029 et
1187 2975 1278 3028 Livius

234 3091 343 3145 tradunt
360 3090 393 3144 de
412 3091 464 3145 situ
483 3091 651 3162 Carthaginis
669 3108 769 3145 novae:
792 3091 882 3162 Polyb.
902 3092 944 3146 lo.
963 3091 1007 3146 ld.
1028 3088 1075 3145 »ἐν
1093 3089 1125 3146 δὲ
1136 3060 1181 3165 ιτῷ
1201 3094 1278 3165 μυχῷ

233 3211 283 3263 τοῦ
302 3209 408 3264 κόλπου
425 3217 573 3278 τρουεῖται
590 3205 786 3280 χερᾇνῃυίζον
804 3206 879 3278 ὅρος,
899 3206 944 3278 ἐφ’
958 3205 991 3266 οὗ
1008 3216 1123 3267 κεῖσθαι
1134 3213 1280 3285 συμβαίνει

235 3321 286 3394 τὴν
302 3322 384 3379 πόλιν
401 3322 605 3394 περιεχομένην
621 3322 749 3396 θαλάττῃ
767 3323 818 3393 μὲν
836 3321 884 3379 ἆτ’
897 3290 1041 3380 άνάτολάν
1051 3322 1100 3401 κάι
1109 3327 1279 3399 μεσημβρίας

236 3437 291 3494 άπὸ
310 3439 342 3495 δὲ
361 3442 416 3494 τῶν
433 3438 541 3495 δύσεων
558 3441 637 3512 λίμνῃ
655 3438 954 3513 τρουετιιλοιμβανοάσῃ
973 3440 1079 3494 καὶτοῦ
1090 3438 1161 3508 πρὸς
1174 3438 1278 3512 άρμτον

235 3555 344 3624 μέρους,
363 3551 431 3610 ὥστε
449 3553 500 3610 τὸν
515 3552 614 3609 λοιτιόν
631 3553 720 3609 τότιον
736 3556 815 3625 μεῃρὶ
832 3557 881 3624 τῆς
899 3550 946 3609 hat
956 3553 1068 3624 θάτερα
1077 3553 1284 3626 θαλάσσῃς,ὂ’ς,

235 3670 284 3725 καὶ
310 3669 445 3725 συνάπτει
472 3667 524 3739 τὴν
548 3667 631 3724 πόλιν
647 3667 719 3738 πρὸς
735 3667 787 3741 τὴν
804 3668 930 3740 ἤπειρον,
947 3667 983 3740 μὴ
1000 3668 1088 3726 πλέον
1104 3666 1277 3741 ὑπάρχεινῆ

236 3789 317 3842 δυοῖν
335 3786 482 3839 σταδίων.”
500 3792 527 3840 et
545 3764 659 3840 deinde:
682 3787 843 3858 »συμβαίνει
857 3784 889 3840 δὲ
906 3782 958 3855 τὴν
974 3788 1072 3855 λίμνην
1089 3788 1122 3858 τῇ
1139 3805 1277 3854 παρακει-

235 3903 303 3976 μένῃ
320 3902 448 3975 θαλάττῃ
466 3900 588 3973 σάρἒυν
607 3901 753 3974 μεμονέναι
770 3901 998 3974 χειροτοιήτοις.”
1017 3906 1049 3959 ol.
1060 3906 1116 3959 niv.
1127 3906 1222 3959 XXVI.
1234 3907 1276 3960 42.

235 4028 283 4079 illa
301 4026 401 4096 lingula
419 4026 515 4096 igiturp
526 4042 595 4096 qnae
613 4026 683 4080 fossa
701 4026 826 4080 intercisa
839 4025 1027 4096 Carthaginem
1037 4042 1132 4081 novam
1143 4043 1205 4079 eum
1215 4042 1276 4080 eon-

234 4147 336 4200 tinente
362 4145 506 4215 coniungit,
533 4145 601 4199 iacet
626 4162 643 4199 a
670 4151 746 4216 parte
764 4145 965 4215 septentrionali
984 4146 1058 4199 urbis
1075 4151 1102 4199 et
1119 4146 1153 4200 ab
1170 4146 1272 4199 oriente

235 4281 309 4317 mare
328 4264 478 4333 oppositum
496 4263 576 4317 habet
587 4281 600 4328 ε,
611 4263 682 4333 quod
701 4280 763 4317 cum
781 4263 899 4318 Sallustii
909 4265 1057 4334 fragmento
1066 4264 1134 4318 bene
1143 4264 1276 4318 convenit.
