<?xml version="1.0" encoding="UTF-8"?>
<!DOCTYPE html PUBLIC "-//W3C//DTD XHTML 1.0 Transitional//EN"
    "http://www.w3.org/TR/xhtml1/DTD/xhtml1-transitional.dtd">
<html xmlns="http://www.w3.org/1999/xhtml" xml:lang="en" lang="en">
 <head>
  <title>
</title>
<meta http-equiv="Content-Type" content="text/html;charset=utf-8" />
  <meta name='ocr-system' content='tesseract 3.04.00' />
  <meta name='ocr-capabilities' content='ocr_page ocr_carea ocr_par ocr_line ocrx_word'/>
</head>
<body>
  <div class='ocr_page' id='page_1' title='image "./plutarchivitapo00bruigoog_0074.png"; bbox 0 0 2970 5032; ppageno 0'>
   <div class='ocr_carea' id='block_1_1' title="bbox 730 358 771 420">
    <p class='ocr_par' dir='ltr' id='par_1_1' title="bbox 730 358 771 420">
     <span class='ocr_line' id='line_1_1' title="bbox 730 358 771 420; baseline 0 0"><span class='ocrx_word' id='word_1_1' title='bbox 730 358 771 420; x_wconf 80' lang='grc'>61</span> 
     </span>
    </p>
   </div>
   <div class='ocr_carea' id='block_1_2' title="bbox 216 553 1272 915">
    <p class='ocr_par' dir='ltr' id='par_1_2' title="bbox 216 553 1272 915">
     <span class='ocr_line' id='line_1_2' title="bbox 217 553 1272 642; baseline 0.007 -23"><span class='ocrx_word' id='word_1_2' title='bbox 217 553 331 619; x_wconf 89' lang='lat' dir='ltr'>cunda</span> <span class='ocrx_word' id='word_1_3' title='bbox 353 553 459 620; x_wconf 81' lang='lat' dir='ltr'>luisse</span> <span class='ocrx_word' id='word_1_4' title='bbox 478 553 593 620; x_wconf 85' lang='lat' dir='ltr'>Cicero</span> <span class='ocrx_word' id='word_1_5' title='bbox 621 559 749 640; x_wconf 89' lang='lat' dir='ltr'>narrat,</span> <span class='ocrx_word' id='word_1_6' title='bbox 779 560 839 642; x_wconf 90' lang='lat' dir='ltr'>„ut</span> <span class='ocrx_word' id='word_1_7' title='bbox 871 573 949 622; x_wconf 89' lang='lat' dir='ltr'>eum</span> <span class='ocrx_word' id='word_1_8' title='bbox 973 557 1095 642; x_wconf 91' lang='lat' dir='ltr'>locum,</span> <span class='ocrx_word' id='word_1_9' title='bbox 1120 559 1178 624; x_wconf 91' lang='lat' dir='ltr'>ubi</span> <span class='ocrx_word' id='word_1_10' title='bbox 1200 576 1272 641; x_wconf 91' lang='lat' dir='ltr'>pro·</span> 
     </span>
     <span class='ocr_line' id='line_1_3' title="bbox 216 688 893 775; baseline 0.007 -20"><span class='ocrx_word' id='word_1_11' title='bbox 216 694 403 775; x_wconf 91' lang='lat' dir='ltr'>ponuntur,</span> <span class='ocrx_word' id='word_1_12' title='bbox 426 691 574 757; x_wconf 87' lang='lat' dir='ltr'>transire</span> <span class='ocrx_word' id='word_1_13' title='bbox 597 688 828 774; x_wconf 84' lang='lat' dir='ltr'>nequeamus&#39;&#39;</span> <span class='ocrx_word' id='word_1_14' title='bbox 842 696 893 770; x_wconf 66' lang='grc' dir='ltr'>(ἓ).</span> 
     </span>
     <span class='ocr_line' id='line_1_4' title="bbox 264 828 1271 915; baseline 0.005 -21"><span class='ocrx_word' id='word_1_15' title='bbox 264 828 380 894; x_wconf 82' lang='lat' dir='ltr'>Cicero</span> <span class='ocrx_word' id='word_1_16' title='bbox 404 829 495 894; x_wconf 85' lang='lat' dir='ltr'>enirn</span> <span class='ocrx_word' id='word_1_17' title='bbox 518 846 636 895; x_wconf 88' lang='lat' dir='ltr'>mense</span> <span class='ocrx_word' id='word_1_18' title='bbox 659 830 755 896; x_wconf 91' lang='lat' dir='ltr'>lunio</span> <span class='ocrx_word' id='word_1_19' title='bbox 782 831 928 896; x_wconf 86' lang='lat' dir='ltr'><strong>Romam</strong></span> <span class='ocrx_word' id='word_1_20' title='bbox 950 831 1107 915; x_wconf 78' lang='lat' dir='ltr'>redierat,</span> <span class='ocrx_word' id='word_1_21' title='bbox 1133 849 1195 898; x_wconf 88' lang='lat' dir='ltr'>nec</span> <span class='ocrx_word' id='word_1_22' title='bbox 1214 834 1271 899; x_wconf 91' lang='lat' dir='ltr'>mi·</span> 
     </span>
    </p>
   </div>
   <div class='ocr_carea' id='block_1_3' title="bbox 216 965 1271 1052">
    <p class='ocr_par' dir='ltr' id='par_1_3' title="bbox 216 965 1271 1052">
     <span class='ocr_line' id='line_1_5' title="bbox 216 965 1271 1052; baseline 0.002 -19"><span class='ocrx_word' id='word_1_23' title='bbox 216 982 306 1050; x_wconf 86' lang='lat' dir='ltr'>rum,</span> <span class='ocrx_word' id='word_1_24' title='bbox 343 965 434 1048; x_wconf 91' lang='lat' dir='ltr'>quod</span> <span class='ocrx_word' id='word_1_25' title='bbox 469 967 505 1031; x_wconf 91' lang='lat' dir='ltr'>in</span> <span class='ocrx_word' id='word_1_26' title='bbox 528 967 682 1048; x_wconf 87' lang='lat' dir='ltr'>epistolis</span> <span class='ocrx_word' id='word_1_27' title='bbox 709 968 773 1033; x_wconf 88' lang='lat' dir='ltr'>hoc</span> <span class='ocrx_word' id='word_1_28' title='bbox 795 969 961 1050; x_wconf 87' lang='lat' dir='ltr'>temporis</span> <span class='ocrx_word' id='word_1_29' title='bbox 984 969 1095 1052; x_wconf 87' lang='lat' dir='ltr'>spatio</span> <span class='ocrx_word' id='word_1_30' title='bbox 1120 970 1163 1035; x_wconf 89' lang='lat' dir='ltr'>ad</span> <span class='ocrx_word' id='word_1_31' title='bbox 1184 969 1271 1037; x_wconf 82' lang='lat' dir='ltr'>Atti-</span> 
     </span>
    </p>
   </div>
   <div class='ocr_carea' id='block_1_4' title="bbox 214 1103 1304 2291">
    <p class='ocr_par' dir='ltr' id='par_1_4' title="bbox 214 1103 1304 2291">
     <span class='ocr_line' id='line_1_6' title="bbox 218 1103 1271 1187; baseline 0.004 -19"><span class='ocrx_word' id='word_1_32' title='bbox 218 1120 298 1168; x_wconf 90' lang='lat' dir='ltr'>oum</span> <span class='ocrx_word' id='word_1_33' title='bbox 321 1103 458 1187; x_wconf 85' lang='lat' dir='ltr'>scriptis</span> <span class='ocrx_word' id='word_1_34' title='bbox 471 1107 513 1180; x_wconf 58' lang='grc' dir='ltr'>(ψ)</span> <span class='ocrx_word' id='word_1_35' title='bbox 536 1104 572 1168; x_wconf 92' lang='lat' dir='ltr'>in</span> <span class='ocrx_word' id='word_1_36' title='bbox 596 1108 738 1185; x_wconf 88' lang='lat' dir='ltr'>questus</span> <span class='ocrx_word' id='word_1_37' title='bbox 763 1105 804 1170; x_wconf 88' lang='lat' dir='ltr'>de</span> <span class='ocrx_word' id='word_1_38' title='bbox 822 1106 998 1187; x_wconf 88' lang='lat' dir='ltr'>republica</span> <span class='ocrx_word' id='word_1_39' title='bbox 1010 1123 1086 1172; x_wconf 87' lang='lat' dir='ltr'>sese</span> <span class='ocrx_word' id='word_1_40' title='bbox 1098 1106 1271 1173; x_wconf 87' lang='lat' dir='ltr'>effundere</span> 
     </span>
     <span class='ocr_line' id='line_1_7' title="bbox 215 1241 1271 1327; baseline 0.005 -21"><span class='ocrx_word' id='word_1_41' title='bbox 215 1258 287 1307; x_wconf 90' lang='lat' dir='ltr'>non</span> <span class='ocrx_word' id='word_1_42' title='bbox 319 1241 464 1308; x_wconf 85' lang='lat' dir='ltr'>desinat.</span> <span class='ocrx_word' id='word_1_43' title='bbox 503 1258 532 1308; x_wconf 86' lang='lat' dir='ltr'>e.</span> <span class='ocrx_word' id='word_1_44' title='bbox 567 1259 599 1323; x_wconf 85' lang='lat' dir='ltr'>g.</span> <span class='ocrx_word' id='word_1_45' title='bbox 635 1241 687 1323; x_wconf 90' lang='lat' dir='ltr'>(ll.</span> <span class='ocrx_word' id='word_1_46' title='bbox 723 1243 773 1308; x_wconf 87' lang='lat'>18.</span> <span class='ocrx_word' id='word_1_47' title='bbox 798 1246 847 1319; x_wconf 68' lang='lat' dir='ltr'>tl:</span> <span class='ocrx_word' id='word_1_48' title='bbox 873 1262 932 1327; x_wconf 93' lang='lat' dir='ltr'>„ac</span> <span class='ocrx_word' id='word_1_49' title='bbox 952 1261 995 1309; x_wconf 89' lang='lat' dir='ltr'>ne</span> <span class='ocrx_word' id='word_1_50' title='bbox 1017 1245 1105 1311; x_wconf 87' lang='lat' dir='ltr'>forte</span> <span class='ocrx_word' id='word_1_51' title='bbox 1126 1262 1271 1326; x_wconf 78' lang='lat' dir='ltr'>quaeras</span> 
     </span>
     <span class='ocr_line' id='line_1_8' title="bbox 215 1378 1271 1465; baseline 0.01 -28"><span class='ocrx_word' id='word_1_52' title='bbox 215 1378 307 1437; x_wconf 73' lang='grc' dir='ltr'>κατὰ</span> <span class='ocrx_word' id='word_1_53' title='bbox 328 1379 453 1437; x_wconf 74' lang='grc' dir='ltr'><strong><em>λεπτὸν</em></strong></span> <span class='ocrx_word' id='word_1_54' title='bbox 486 1379 528 1445; x_wconf 90' lang='lat' dir='ltr'>de</span> <span class='ocrx_word' id='word_1_55' title='bbox 547 1445 548 1448; x_wconf 72' lang='grc'>,</span> <span class='ocrx_word' id='word_1_56' title='bbox 565 1380 708 1461; x_wconf 81' lang='lat' dir='ltr'>singulis</span> <span class='ocrx_word' id='word_1_57' title='bbox 742 1382 855 1465; x_wconf 78' lang='lat' dir='ltr'>rebuS,</span> <span class='ocrx_word' id='word_1_58' title='bbox 890 1383 1052 1448; x_wconf 85' lang='lat' dir='ltr'>universa</span> <span class='ocrx_word' id='word_1_59' title='bbox 1075 1400 1130 1449; x_wconf 87' lang='lat' dir='ltr'>res</span> <span class='ocrx_word' id='word_1_60' title='bbox 1154 1401 1193 1448; x_wconf 93' lang='lat' dir='ltr'>eo</span> <span class='ocrx_word' id='word_1_61' title='bbox 1218 1389 1271 1449; x_wconf 89' lang='lat' dir='ltr'>est</span> 
     </span>
     <span class='ocr_line' id='line_1_9' title="bbox 216 1514 1270 1603; baseline 0.005 -24"><span class='ocrx_word' id='word_1_62' title='bbox 216 1514 375 1600; x_wconf 88' lang='lat' dir='ltr'>deducta,</span> <span class='ocrx_word' id='word_1_63' title='bbox 408 1533 488 1598; x_wconf 87' lang='lat' dir='ltr'>spes</span> <span class='ocrx_word' id='word_1_64' title='bbox 520 1521 561 1582; x_wconf 92' lang='lat' dir='ltr'>ut</span> <span class='ocrx_word' id='word_1_65' title='bbox 592 1516 686 1581; x_wconf 91' lang='lat' dir='ltr'>nulla</span> <span class='ocrx_word' id='word_1_66' title='bbox 708 1517 754 1582; x_wconf 86' lang='lat' dir='ltr'>sit</span> <span class='ocrx_word' id='word_1_67' title='bbox 776 1517 959 1599; x_wconf 91' lang='lat' dir='ltr'>aliquando</span> <span class='ocrx_word' id='word_1_68' title='bbox 987 1537 1055 1585; x_wconf 90' lang='lat' dir='ltr'>non</span> <span class='ocrx_word' id='word_1_69' title='bbox 1079 1521 1180 1587; x_wconf 90' lang='lat' dir='ltr'>modo</span> <span class='ocrx_word' id='word_1_70' title='bbox 1208 1521 1270 1603; x_wconf 90' lang='lat' dir='ltr'>pri·</span> 
     </span>
     <span class='ocr_line' id='line_1_10' title="bbox 214 1655 1304 1741; baseline 0.004 -22"><span class='ocrx_word' id='word_1_71' title='bbox 214 1657 318 1720; x_wconf 83' lang='lat' dir='ltr'>vatos</span> <span class='ocrx_word' id='word_1_72' title='bbox 338 1671 460 1719; x_wconf 87' lang='lat' dir='ltr'>verum</span> <span class='ocrx_word' id='word_1_73' title='bbox 483 1655 589 1720; x_wconf 89' lang='lat' dir='ltr'>etiam</span> <span class='ocrx_word' id='word_1_74' title='bbox 611 1656 834 1736; x_wconf 80' lang='lat' dir='ltr'>magistratus</span> <span class='ocrx_word' id='word_1_75' title='bbox 856 1657 981 1722; x_wconf 88' lang='lat' dir='ltr'>liberos</span> <span class='ocrx_word' id='word_1_76' title='bbox 1006 1657 1110 1724; x_wconf 86' lang='lat' dir='ltr'>fore.&#39;’</span> <span class='ocrx_word' id='word_1_77' title='bbox 1135 1659 1270 1741; x_wconf 80' lang='lat' dir='ltr'>Optime</span> <span class='ocrx_word' id='word_1_78' title='bbox 1303 1662 1304 1665; x_wconf 76' lang='grc'>’</span> 
     </span>
     <span class='ocr_line' id='line_1_11' title="bbox 215 1791 1268 1878; baseline 0.004 -21"><span class='ocrx_word' id='word_1_79' title='bbox 215 1791 431 1873; x_wconf 78' lang='lat' dir='ltr'>intelligebat</span> <span class='ocrx_word' id='word_1_80' title='bbox 453 1792 566 1858; x_wconf 90' lang='lat' dir='ltr'>Bibuli</span> <span class='ocrx_word' id='word_1_81' title='bbox 579 1792 803 1875; x_wconf 83' lang='lat' dir='ltr'>pertinaciam</span> <span class='ocrx_word' id='word_1_82' title='bbox 823 1811 950 1860; x_wconf 84' lang='lat' dir='ltr'>vanam</span> <span class='ocrx_word' id='word_1_83' title='bbox 964 1811 1050 1878; x_wconf 88' lang='lat' dir='ltr'>esse,</span> <span class='ocrx_word' id='word_1_84' title='bbox 1063 1796 1268 1876; x_wconf 88' lang='lat' dir='ltr'>quodetiam</span> 
     </span>
     <span class='ocr_line' id='line_1_12' title="bbox 218 1930 1269 2017; baseline 0.003 -22"><span class='ocrx_word' id='word_1_85' title='bbox 218 1933 320 1997; x_wconf 85' lang='lat' dir='ltr'>antea</span> <span class='ocrx_word' id='word_1_86' title='bbox 359 1930 609 1996; x_wconf 81' lang='lat' dir='ltr'>declaraverat:</span> <span class='ocrx_word' id='word_1_87' title='bbox 646 1931 699 2008; x_wconf 83' lang='lat' dir='ltr'>(Il.</span> <span class='ocrx_word' id='word_1_88' title='bbox 738 1932 787 1997; x_wconf 82' lang='lat'>15.</span> <span class='ocrx_word' id='word_1_89' title='bbox 825 1932 868 2006; x_wconf 78' lang='lat'>2.)</span> <span class='ocrx_word' id='word_1_90' title='bbox 907 1931 1039 2017; x_wconf 90' lang='lat' dir='ltr'>„Bibuli</span> <span class='ocrx_word' id='word_1_91' title='bbox 1062 1937 1179 1998; x_wconf 89' lang='lat' dir='ltr'>autem</span> <span class='ocrx_word' id='word_1_92' title='bbox 1202 1935 1269 1998; x_wconf 86' lang='lat' dir='ltr'>ista</span> 
     </span>
     <span class='ocr_line' id='line_1_13' title="bbox 219 2068 1270 2151; baseline 0 -16"><span class='ocrx_word' id='word_1_93' title='bbox 219 2068 416 2149; x_wconf 77' lang='lat' dir='ltr'>magnitudo</span> <span class='ocrx_word' id='word_1_94' title='bbox 451 2068 556 2134; x_wconf 88' lang='lat' dir='ltr'>animi</span> <span class='ocrx_word' id='word_1_95' title='bbox 587 2069 621 2132; x_wconf 93' lang='lat' dir='ltr'>in</span> <span class='ocrx_word' id='word_1_96' title='bbox 644 2068 859 2134; x_wconf 87' lang='lat' dir='ltr'>comitiorum</span> <span class='ocrx_word' id='word_1_97' title='bbox 879 2069 1040 2135; x_wconf 89' lang='lat' dir='ltr'>dilatione</span> <span class='ocrx_word' id='word_1_98' title='bbox 1064 2070 1144 2151; x_wconf 90' lang='lat' dir='ltr'>quid</span> <span class='ocrx_word' id='word_1_99' title='bbox 1165 2071 1270 2137; x_wconf 87' lang='lat' dir='ltr'>habet</span> 
     </span>
     <span class='ocr_line' id='line_1_14' title="bbox 220 2204 1268 2291; baseline 0.007 -22"><span class='ocrx_word' id='word_1_100' title='bbox 220 2204 285 2271; x_wconf 84' lang='lat' dir='ltr'>nisi</span> <span class='ocrx_word' id='word_1_101' title='bbox 306 2206 414 2288; x_wconf 88' lang='lat' dir='ltr'>ipsius</span> <span class='ocrx_word' id='word_1_102' title='bbox 438 2206 600 2272; x_wconf 89' lang='lat' dir='ltr'>iudicium</span> <span class='ocrx_word' id='word_1_103' title='bbox 623 2208 696 2274; x_wconf 89' lang='lat' dir='ltr'>sine</span> <span class='ocrx_word' id='word_1_104' title='bbox 712 2208 782 2274; x_wconf 90' lang='lat' dir='ltr'>ulla</span> <span class='ocrx_word' id='word_1_105' title='bbox 796 2208 1268 2291; x_wconf 82' lang='lat' dir='ltr'>correctionereipublicae?”</span> 
     </span>
    </p>
   </div>
   <div class='ocr_carea' id='block_1_5' title="bbox 215 2340 1402 2430">
    <p class='ocr_par' dir='ltr' id='par_1_5' title="bbox 215 2340 1402 2430">
     <span class='ocr_line' id='line_1_15' title="bbox 215 2340 1402 2430; baseline 0.006 -23"><span class='ocrx_word' id='word_1_106' title='bbox 215 2340 383 2408; x_wconf 84' lang='lat' dir='ltr'>Attamen</span> <span class='ocrx_word' id='word_1_107' title='bbox 428 2361 533 2424; x_wconf 93' lang='lat' dir='ltr'>quum</span> <span class='ocrx_word' id='word_1_108' title='bbox 563 2345 697 2410; x_wconf 90' lang='lat' dir='ltr'>videret</span> <span class='ocrx_word' id='word_1_109' title='bbox 737 2345 931 2430; x_wconf 85' lang='lat' dir='ltr'>„republica</span> <span class='ocrx_word' id='word_1_110' title='bbox 954 2345 1037 2410; x_wconf 91' lang='lat' dir='ltr'>nihil</span> <span class='ocrx_word' id='word_1_111' title='bbox 1059 2363 1135 2412; x_wconf 88' lang='lat' dir='ltr'>esse</span> <span class='ocrx_word' id='word_1_112' title='bbox 1157 2347 1270 2430; x_wconf 87' lang='lat' dir='ltr'>despe·</span> <span class='ocrx_word' id='word_1_113' title='bbox 1400 2383 1402 2388; x_wconf 67' lang='lat'>,</span> 
     </span>
    </p>
   </div>
   <div class='ocr_carea' id='block_1_6' title="bbox 213 2481 1269 3664">
    <p class='ocr_par' dir='ltr' id='par_1_6' title="bbox 213 2481 1269 3664">
     <span class='ocr_line' id='line_1_16' title="bbox 214 2481 1268 2570; baseline 0.004 -24"><span class='ocrx_word' id='word_1_114' title='bbox 214 2481 346 2546; x_wconf 79' lang='lat' dir='ltr'>ratiue&#39;&#39;</span> <span class='ocrx_word' id='word_1_115' title='bbox 371 2483 418 2564; x_wconf 70' lang='lat' dir='ltr'>tl,</span> <span class='ocrx_word' id='word_1_116' title='bbox 459 2482 550 2546; x_wconf 91' lang='lat' dir='ltr'>omni</span> <span class='ocrx_word' id='word_1_117' title='bbox 573 2499 634 2563; x_wconf 90' lang='lat' dir='ltr'>spe</span> <span class='ocrx_word' id='word_1_118' title='bbox 658 2483 831 2548; x_wconf 87' lang='lat' dir='ltr'>abstinere</span> <span class='ocrx_word' id='word_1_119' title='bbox 854 2501 922 2548; x_wconf 89' lang='lat' dir='ltr'>non</span> <span class='ocrx_word' id='word_1_120' title='bbox 946 2488 1092 2565; x_wconf 88' lang='lat' dir='ltr'>poterat.</span> <span class='ocrx_word' id='word_1_121' title='bbox 1131 2485 1268 2570; x_wconf 83' lang='lat' dir='ltr'>„Nonae</span> 
     </span>
     <span class='ocr_line' id='line_1_17' title="bbox 213 2616 1268 2703; baseline 0.005 -20"><span class='ocrx_word' id='word_1_122' title='bbox 213 2616 293 2684; x_wconf 90' lang='lat' dir='ltr'>illae</span> <span class='ocrx_word' id='word_1_123' title='bbox 316 2618 540 2684; x_wconf 83' lang='lat' dir='ltr'>Decembres”</span> <span class='ocrx_word' id='word_1_124' title='bbox 553 2619 750 2684; x_wconf 89' lang='lat' dir='ltr'>etiamnunc</span> <span class='ocrx_word' id='word_1_125' title='bbox 762 2620 981 2703; x_wconf 88' lang='lat' dir='ltr'>obstiterunt,</span> <span class='ocrx_word' id='word_1_126' title='bbox 994 2622 1175 2701; x_wconf 87' lang='lat' dir='ltr'>quominus</span> <span class='ocrx_word' id='word_1_127' title='bbox 1187 2626 1268 2687; x_wconf 91' lang='lat' dir='ltr'>tem·</span> 
     </span>
     <span class='ocr_line' id='line_1_18' title="bbox 215 2755 1266 2839; baseline 0.003 -18"><span class='ocrx_word' id='word_1_128' title='bbox 215 2755 290 2837; x_wconf 89' lang='lat' dir='ltr'>pori</span> <span class='ocrx_word' id='word_1_129' title='bbox 333 2756 457 2821; x_wconf 84' lang='lat' dir='ltr'>cedens</span> <span class='ocrx_word' id='word_1_130' title='bbox 494 2756 535 2821; x_wconf 92' lang='lat' dir='ltr'>de</span> <span class='ocrx_word' id='word_1_131' title='bbox 574 2755 748 2837; x_wconf 87' lang='lat' dir='ltr'>republica</span> <span class='ocrx_word' id='word_1_132' title='bbox 786 2757 870 2821; x_wconf 91' lang='lat' dir='ltr'>nihil</span> <span class='ocrx_word' id='word_1_133' title='bbox 909 2757 1056 2839; x_wconf 89' lang='lat' dir='ltr'>amplius</span> <span class='ocrx_word' id='word_1_134' title='bbox 1090 2759 1266 2839; x_wconf 81' lang='lat' dir='ltr'>cogitaret.</span> 
     </span>
     <span class='ocr_line' id='line_1_19' title="bbox 216 2890 1268 2974; baseline 0.002 -18"><span class='ocrx_word' id='word_1_135' title='bbox 216 2890 313 2972; x_wconf 80' lang='lat' dir='ltr'>Quod</span> <span class='ocrx_word' id='word_1_136' title='bbox 347 2892 375 2958; x_wconf 90' lang='lat' dir='ltr'>si</span> <span class='ocrx_word' id='word_1_137' title='bbox 407 2892 518 2957; x_wconf 86' lang='lat' dir='ltr'>facere</span> <span class='ocrx_word' id='word_1_138' title='bbox 540 2893 710 2974; x_wconf 86' lang='lat' dir='ltr'>potuisset</span> <span class='ocrx_word' id='word_1_139' title='bbox 740 2898 776 2959; x_wconf 88' lang='lat' dir='ltr'>et</span> <span class='ocrx_word' id='word_1_140' title='bbox 798 2894 900 2959; x_wconf 88' lang='lat' dir='ltr'>rebus</span> <span class='ocrx_word' id='word_1_141' title='bbox 922 2893 1114 2960; x_wconf 83' lang='lat' dir='ltr'>forensibus</span> <span class='ocrx_word' id='word_1_142' title='bbox 1133 2911 1170 2960; x_wconf 89' lang='lat' dir='ltr'>se</span> <span class='ocrx_word' id='word_1_143' title='bbox 1193 2912 1268 2960; x_wconf 86' lang='lat' dir='ltr'>corr·</span> 
     </span>
     <span class='ocr_line' id='line_1_20' title="bbox 216 3028 1266 3114; baseline 0.002 -21"><span class='ocrx_word' id='word_1_144' title='bbox 216 3029 337 3114; x_wconf 90' lang='lat' dir='ltr'>tinere,</span> <span class='ocrx_word' id='word_1_145' title='bbox 373 3029 512 3094; x_wconf 81' lang='lat' dir='ltr'>exilium</span> <span class='ocrx_word' id='word_1_146' title='bbox 545 3028 689 3094; x_wconf 82' lang='lat' dir='ltr'>forsitan</span> <span class='ocrx_word' id='word_1_147' title='bbox 725 3030 901 3096; x_wconf 88' lang='lat' dir='ltr'>evitasset.</span> <span class='ocrx_word' id='word_1_148' title='bbox 935 3031 1030 3096; x_wconf 90' lang='lat' dir='ltr'>Haec</span> <span class='ocrx_word' id='word_1_149' title='bbox 1056 3031 1147 3096; x_wconf 88' lang='lat' dir='ltr'>enirn</span> <span class='ocrx_word' id='word_1_150' title='bbox 1175 3031 1266 3096; x_wconf 83' lang='lat' dir='ltr'>exilii</span> 
     </span>
     <span class='ocr_line' id='line_1_21' title="bbox 217 3166 1266 3249; baseline 0.001 -17"><span class='ocrx_word' id='word_1_151' title='bbox 217 3183 322 3233; x_wconf 86' lang='lat' dir='ltr'>causa</span> <span class='ocrx_word' id='word_1_152' title='bbox 343 3167 418 3249; x_wconf 85' lang='lat' dir='ltr'>fuit,</span> <span class='ocrx_word' id='word_1_153' title='bbox 439 3167 529 3248; x_wconf 90' lang='lat' dir='ltr'>quod</span> <span class='ocrx_word' id='word_1_154' title='bbox 552 3183 650 3248; x_wconf 90' lang='lat' dir='ltr'>spem</span> <span class='ocrx_word' id='word_1_155' title='bbox 676 3166 846 3232; x_wconf 87' lang='lat' dir='ltr'>infinitam</span> <span class='ocrx_word' id='word_1_156' title='bbox 869 3169 1139 3249; x_wconf 88' lang='lat' dir='ltr'>persequebatur</span> <span class='ocrx_word' id='word_1_157' title='bbox 1152 3172 1187 3234; x_wconf 91' lang='lat' dir='ltr'>et</span> <span class='ocrx_word' id='word_1_158' title='bbox 1198 3186 1266 3234; x_wconf 90' lang='lat' dir='ltr'>non</span> 
     </span>
     <span class='ocr_line' id='line_1_22' title="bbox 217 3304 1269 3387; baseline 0.002 -18"><span class='ocrx_word' id='word_1_159' title='bbox 217 3304 303 3369; x_wconf 90' lang='lat' dir='ltr'>satis</span> <span class='ocrx_word' id='word_1_160' title='bbox 327 3305 391 3370; x_wconf 87' lang='lat' dir='ltr'>sibi</span> <span class='ocrx_word' id='word_1_161' title='bbox 412 3304 593 3387; x_wconf 85' lang='lat' dir='ltr'>persuasit,</span> <span class='ocrx_word' id='word_1_162' title='bbox 615 3308 826 3386; x_wconf 90' lang='lat' dir='ltr'>quantopere</span> <span class='ocrx_word' id='word_1_163' title='bbox 857 3307 971 3370; x_wconf 92' lang='lat' dir='ltr'>omnia</span> <span class='ocrx_word' id='word_1_164' title='bbox 992 3309 1126 3371; x_wconf 87' lang='lat' dir='ltr'>mutata</span> <span class='ocrx_word' id='word_1_165' title='bbox 1143 3309 1269 3372; x_wconf 85' lang='lat' dir='ltr'>essent.</span> 
     </span>
     <span class='ocr_line' id='line_1_23' title="bbox 219 3441 1269 3528; baseline 0 -21"><span class='ocrx_word' id='word_1_166' title='bbox 219 3443 259 3508; x_wconf 82' lang='lat' dir='ltr'>cf.</span> <span class='ocrx_word' id='word_1_167' title='bbox 282 3442 342 3525; x_wconf 84' lang='lat' dir='ltr'>Ep.</span> <span class='ocrx_word' id='word_1_168' title='bbox 366 3442 410 3507; x_wconf 90' lang='lat' dir='ltr'>ad</span> <span class='ocrx_word' id='word_1_169' title='bbox 434 3441 510 3508; x_wconf 78' lang='lat' dir='ltr'>Att.</span> <span class='ocrx_word' id='word_1_170' title='bbox 534 3442 576 3508; x_wconf 90' lang='lat' dir='ltr'>H.</span> <span class='ocrx_word' id='word_1_171' title='bbox 601 3444 653 3509; x_wconf 77' lang='lat'>22.</span> <span class='ocrx_word' id='word_1_172' title='bbox 677 3444 719 3508; x_wconf 84' lang='lat'>3:</span> <span class='ocrx_word' id='word_1_173' title='bbox 745 3447 952 3528; x_wconf 85' lang='lat' dir='ltr'>„renovatur</span> <span class='ocrx_word' id='word_1_174' title='bbox 973 3443 1138 3508; x_wconf 90' lang='lat' dir='ltr'>memoria</span> <span class='ocrx_word' id='word_1_175' title='bbox 1154 3459 1269 3509; x_wconf 88' lang='lat' dir='ltr'>consu-</span> 
     </span>
     <span class='ocr_line' id='line_1_24' title="bbox 218 3579 1268 3664; baseline 0 -20"><span class='ocrx_word' id='word_1_176' title='bbox 218 3580 327 3662; x_wconf 81' lang='lat' dir='ltr'>latus3</span> <span class='ocrx_word' id='word_1_177' title='bbox 361 3581 476 3646; x_wconf 86' lang='lat' dir='ltr'>studia</span> <span class='ocrx_word' id='word_1_178' title='bbox 510 3579 756 3664; x_wconf 81' lang='lat' dir='ltr'>significantur,</span> <span class='ocrx_word' id='word_1_179' title='bbox 787 3581 822 3644; x_wconf 91' lang='lat' dir='ltr'>in</span> <span class='ocrx_word' id='word_1_180' title='bbox 839 3598 916 3645; x_wconf 91' lang='lat' dir='ltr'>eam</span> <span class='ocrx_word' id='word_1_181' title='bbox 938 3598 1034 3662; x_wconf 89' lang='lat' dir='ltr'>spem</span> <span class='ocrx_word' id='word_1_182' title='bbox 1058 3580 1268 3664; x_wconf 87' lang='lat' dir='ltr'>adducimur,</span> 
     </span>
    </p>
   </div>
   <div class='ocr_carea' id='block_1_7' title="bbox 252 4047 673 4353">
    <p class='ocr_par' dir='ltr' id='par_1_7' title="bbox 252 4047 673 4353">
     <span class='ocr_line' id='line_1_25' title="bbox 252 4047 641 4120; baseline -0.026 -9"><span class='ocrx_word' id='word_1_183' title='bbox 252 4049 282 4120; x_wconf 66' lang='lat' dir='ltr'>(fil</span> <span class='ocrx_word' id='word_1_184' title='bbox 308 4049 356 4119; x_wconf 88' lang='lat' dir='ltr'>Ep.</span> <span class='ocrx_word' id='word_1_185' title='bbox 376 4049 409 4103; x_wconf 90' lang='lat' dir='ltr'>ad</span> <span class='ocrx_word' id='word_1_186' title='bbox 428 4050 483 4103; x_wconf 80' lang='lat' dir='ltr'>Aa.</span> <span class='ocrx_word' id='word_1_187' title='bbox 503 4047 534 4102; x_wconf 91' lang='grc' dir='ltr'>Π.</span> <span class='ocrx_word' id='word_1_188' title='bbox 554 4047 597 4101; x_wconf 70' lang='lat'>²21.</span> <span class='ocrx_word' id='word_1_189' title='bbox 616 4049 641 4102; x_wconf 72' lang='lat' dir='ltr'>ll.</span> 
     </span>
     <span class='ocr_line' id='line_1_26' title="bbox 252 4160 673 4234; baseline -0.017 -8"><span class='ocrx_word' id='word_1_190' title='bbox 252 4160 291 4234; x_wconf 83' lang='lat'>(†)</span> <span class='ocrx_word' id='word_1_191' title='bbox 313 4163 360 4233; x_wconf 82' lang='lat' dir='ltr'>Ep.</span> <span class='ocrx_word' id='word_1_192' title='bbox 380 4163 413 4216; x_wconf 88' lang='lat' dir='ltr'>ad</span> <span class='ocrx_word' id='word_1_193' title='bbox 433 4164 493 4219; x_wconf 77' lang='lat' dir='ltr'>litt:</span> <span class='ocrx_word' id='word_1_194' title='bbox 508 4162 539 4215; x_wconf 90' lang='grc' dir='ltr'>Η.</span> <span class='ocrx_word' id='word_1_195' title='bbox 557 4161 673 4219; x_wconf 77' lang='grc'>18-25.</span> 
     </span>
     <span class='ocr_line' id='line_1_27' title="bbox 255 4279 646 4353; baseline -0.031 -9"><span class='ocrx_word' id='word_1_196' title='bbox 255 4279 646 4353; x_wconf 67' lang='lat' dir='ltr'>mmmmuma</span> 
     </span>
    </p>
   </div>
   <div class='ocr_carea' id='block_1_8' title="bbox 0 0 1490 5032">
    <p class='ocr_par' dir='ltr' id='par_1_8' title="bbox 0 0 1490 5032">
     <span class='ocr_line' id='line_1_28' title="bbox 0 0 1490 5032; baseline 0 0"><span class='ocrx_word' id='word_1_197' title='bbox 0 0 1490 5032; x_wconf 95' lang='lat' dir='ltr'> </span> 
     </span>
    </p>
   </div>
  </div>
 </body>
</html>
