2970 5032
728 371 770 434 85

216 572 290 633 tum
324 567 473 651 Appiani
497 568 703 633 auctoritate
727 566 947 632 confirmatur
971 570 1021 644 (ἓ).
1069 566 1170 649 Apud
1195 569 1268 634 Plu

216 706 374 770 tarchum
398 705 549 771 confusio
573 705 741 786 quaedam
766 704 850 769 haec
873 703 986 769 omnia
1008 703 1157 785 obtinet;
1182 701 1267 769 com-

216 857 384 922 ponamus
416 841 529 923 igitur,
566 857 653 921 quae
688 840 722 904 in
760 840 824 905 hac
857 843 892 905 et
925 857 1012 921 quae
1046 840 1081 904 in
1112 839 1267 906 Caesaris

216 977 298 1042 Vita
319 978 479 1060 leguntur
507 978 600 1061 (Cap.
624 978 732 1042 XXX
756 981 791 1043 et
813 977 959 1061 XXXI),
974 982 1050 1048 tum
1067 979 1143 1059 quis
1153 995 1267 1043 rerum

216 1114 296 1180 ordo
336 1115 456 1198 fuerit,
490 1115 665 1196 aliquanto
697 1114 819 1180 melius
847 1115 1006 1196 augurari
1039 1114 1173 1180 licebit:
1209 1115 1266 1180 ubi

215 1267 333 1315 veram
368 1255 509 1316 senatus
544 1251 751 1317 sententiam
776 1220 887 1317 Curio
900 1252 1024 1336 elicuit,
1049 1253 1267 1318 turbulentae

216 1388 391 1453 contiones
426 1391 625 1472 sequuntur,
653 1388 807 1469 falsoque
830 1407 965 1455 rumore
988 1391 1117 1455 Romae
1140 1407 1266 1473 percre-

144 1595 150 1608 ‚
215 1527 392 1590 bresoente
428 1525 608 1590 Caesarem
641 1526 791 1606 legiones
826 1526 933 1608 Alpes
955 1527 1161 1610 traduxisse,
1185 1528 1267 1592 Mar-

216 1662 321 1728 cellus
361 1681 423 1729 sua
458 1667 581 1744 sponte
615 1664 708 1729 nullo
740 1667 881 1729 senatus
916 1665 1071 1730 consulto
1107 1667 1266 1747 Pompeio

216 1801 409 1881 demandat,
434 1804 474 1865 ut
497 1801 629 1882 patriae
653 1819 752 1882 opem
774 1801 883 1882 ferat3
909 1802 1028 1867 deinde
1040 1804 1212 1869 Antonius
1232 1806 1266 1868 in

215 1938 392 2002 tribunatu
429 1938 582 2003 Curionis
623 1955 798 2004 successor
833 1939 1032 2020 Pompeium
1066 1939 1266 2021 impugnare

216 2075 402 2170 porgit-(r),
435 2075 475 2138 de
505 2074 635 2140 ultimis
660 2074 814 2140 Caesaris
838 2076 1087 2141 conditionibus
1108 2077 1151 2140 ad
1175 2095 1267 2142 sena·

216 2217 290 2278 tum
325 2213 429 2278 refert
468 2229 592 2293 easque
628 2212 671 2276 ad
705 2213 875 2293 populum*
904 2213 1114 2294 evulgandas
1149 2219 1265 2295 curat;

214 2349 355 2413 tandem
385 2349 512 2413 tribuni
545 2367 563 2413 e
584 2352 709 2414 sena-tu
731 2349 864 2429 expulsi
888 2349 931 2413 ad
954 2349 1133 2414 Caesarem
1157 2350 1267 2415 confu-

215 2485 321 2564 giunt.
357 2484 422 2549 His
445 2485 644 2549 summatim
668 2485 703 2548 in
727 2484 880 2549 ordinem
892 2485 1039 2550 redactis
1051 2488 1267 2568 perspicuum

215 2627 269 2688 est
295 2622 518 2688 Plutarchum
542 2639 654 2687 errare
678 2626 895 2688 narrantem:
921 2623 1013 2704 (Cap.
1038 2623 1128 2699 LIX)
1152 2623 1208 2690 „ot
1229 2627 1266 2682 οὲ

214 2755 290 2826 περὶ
324 2753 472 2811 Λέντλον
507 2749 732 2824 ὑπατεύοντες
766 2750 829 2825 ἤδη
860 2754 986 2825 βουλὴν
1022 2751 1063 2810 οὐ
1098 2756 1267 2826 συνῆγον.”

214 2888 322 2952 Immo
358 2889 462 2953 etiam
497 2907 540 2953 ex
574 2890 647 2970 ipso
684 2894 817 2972 senatu,
853 2894 893 2955 ut
920 2891 969 2955 ita
993 2890 1114 2974 dicam,
1138 2871 1265 2955 tribuni

216 3027 323 3090 Roma
353 3026 577 3107 profugerunt
605 3044 714 3107 neque
743 3028 958 3111 Plutarchus,
983 3046 1087 3109 quum
1112 3028 1266 3093 Caesaris
1311 3032 1315 3039 '

215 3164 324 3227 vitam
349 3163 565 3246 describeret,
590 3163 623 3227 in
653 3164 743 3229 hunc
764 3181 912 3230 errorem
931 3165 1097 3229 inciderat
1120 3167 1166 3241 (*).
1213 3165 1265 3231 Se·

216 3305 319 3365 natus
351 3301 455 3365 etiam
484 3306 559 3365 tum
591 3301 730 3366 habitus
762 3305 829 3384 est,
861 3306 1044 3384 postquam
1072 3303 1200 3368 tribuni
1224 3304 1267 3367 ad

218 3436 398 3502 Caesarem
422 3437 563 3518 proiecti
588 3442 670 3502 sunt
693 3439 800 3514 (Caes.
824 3439 865 3503 de
889 3440 926 3502 B.
953 3439 986 3505 C.
1011 3440 1036 3504 l.
1062 3445 1104 3514 6).

261 3573 353 3654 Quae
388 3574 528 3639 tandem
560 3574 602 3638 ad
638 3591 756 3656 pacem
792 3564 1063 3641 conservandam
1086 3579 1164 3641 acta
1187 3577 1266 3660 sint,

218 3709 422 3774 Plutarchus
445 3710 509 3774 hoo
533 3710 632 3776 modo
658 3700 837 3792 exposuit:
863 3711 987 3777 Caesar
1010 3712 1268 3793 petivitutCal-

217 3847 261 3911 lia
286 3847 456 3928 Cisalpina
480 3852 516 3912 et
538 3847 711 3930 illyricum
735 3849 799 3912 sibi
823 3866 900 3914 cum
924 3850 1056 3915 duabus
1080 3850 1268 3932 legionibus

252 4071 284 4143 lb
303 4074 416 4144 Appiam
437 4075 470 4126 do
489 4074 556 4127 Bell.
576 4073 630 4126 Giv.
653 4072 743 4129 11.30.

259 4186 712 4259 fflummmmsa

255 4305 288 4367 (Ἴ
309 4303 377 4356 Plut.
401 4303 475 4356 Caes.
496 4303 558 4372 Cap.
577 4303 660 4358 XXX.
