2970 5032
729 357 769 418 ll'

217 552 319 618 Plura
341 553 376 616 in
400 552 464 617 hoc
485 553 596 635 capite
619 553 726 619 tradit
749 553 790 618 de
814 553 974 635 Pompeio
992 554 1028 619 in
1040 571 1122 636 agro
1135 554 1270 623 Piceno.

218 690 258 756 cf.
283 690 348 756 Cic.
373 707 434 772 pro
457 689 532 773 lege
554 690 641 757 Man.
667 691 719 757 21.
744 692 809 757 61:
835 689 923 772 Quid
940 694 1269 774 tamnovumquam

218 826 508 893 adolescentulum
524 814 698 909 privatum
709 828 898 894 exercitum
910 827 1035 893 difficili
1053 828 1102 894 rei
1114 829 1270 911 publicae

218 967 371 1044 tempore
394 963 586 1030 conficere?
613 963 764 1030 confecit
787 965 887 1048 ;huic
902 964 1270 1048 praeesse?praeiuit;

218 1119 290 1166 rem
314 1101 441 1183 optime
464 1101 569 1168 ductu
596 1119 658 1169 suo
686 1104 833 1182 gerere?
859 1097 999 1185 gessit.''
1012 1104 1138 1170 Postea
1151 1104 1269 1171 Cicero

218 1239 364 1304 multum
394 1238 435 1305 de
458 1239 522 1304 hae
546 1238 646 1304 laude
669 1239 829 1333 detraxit,
854 1256 959 1322 quum
982 1257 1064 1322 prae
1089 1241 1269 1307 Octaviani

218 1377 408 1458 praesentis
429 1375 537 1459 gloria
560 1376 712 1458 Pompeii
735 1375 828 1442 tama
840 1377 1091 1444 obscuraretur.
1103 1378 1182 1455 (Cic.
1196 1378 1269 1443 Phi-

218 1513 297 1596 lipp.
322 1514 364 1578 V.
396 1514 446 1578 16.
472 1515 538 1588 44).
566 1589 568 1595 ,

260 1788 363 1853 Iottto
388 1788 513 1869 Capitis
543 1786 612 1851 VH
627 1787 771 1870 legitur:
798 1785 1009 1874 „’Av⁶'⁶va⁶av
1026 1772 1087 1846 οὖν
1104 1785 1150 1846 ἐπί
1162 1781 1269 1847 αὑτὸν

130 1995 133 2001 ,
217 1926 306 1994 τρεῖς
322 1916 395 1988 ἅμα
411 1920 593 1991 στρατηγοὶ
609 1916 777 1988 πολέμιοι,
797 1919 946 1998 Καρζνας
963 1922 1020 1976 καὶ
1038 1921 1199 1994 Κλοίλιος
1211 1924 1268 1978 καὶ

217 2036 401 2115 Βροῦτος·”
432 2040 649 2123 Dissentitur,
674 2041 749 2121 quis
770 2040 899 2107 Brutus
922 2041 987 2106 hoc
1010 2039 1083 2107 ioco
1107 2041 1269 2124 significe-

216 2180 282 2242 tur.
328 2176 504 2243 Dmmann
527 2178 774 2260 interpretatur
795 2178 859 2244 hoc
880 2195 1004 2245 nomen
1028 2180 1200 2262 pertinere
1225 2181 1268 2246 ad
1314 2145 1318 2150 ι

216 2316 258 2382 Μ.
290 2315 424 2381 Iunium
448 2316 594 2382 Brutum
617 2315 669 2401 (ὅ),
690 2320 825 2398 patrem
849 2316 1077 2384 interfectoris
1102 2316 1268 2402 Caesarie,

216 2455 391 2520 tribunum
425 2454 534 2537 piebis
569 2471 658 2519 anno
693 2455 746 2536 83,
769 2454 826 2536 qui
857 2453 1009 2537 Capuam
1034 2455 1201 2520 coloniam
1218 2454 1269 2520 de·

217 2594 315 2659 duxit
335 2597 388 2671 (†).
413 2595 462 2659 At
487 2609 568 2659 vere
591 2592 780 2658 Mommsen
803 2594 839 2668 (*)
852 2593 1028 2658 contendit
1039 2610 1117 2658 eum
1129 2597 1269 2674 propter

215 2733 328 2814 ipsum
356 2732 571 2797 tribunatum
606 2730 670 2796 hoc
701 2729 789 2795 bello
822 2729 1064 2811 imperatorem
1101 2747 1268 2796 essenon

217 2871 379 2953 potuisse,
403 2870 506 2952 igitur
530 2886 588 2934 eas
615 2871 732 2951 partes
754 2867 876 2932 tribuit
900 2866 937 2932 L.
961 2866 1058 2932 Iunio
1079 2866 1187 2932 Bruto
1207 2866 1268 2931 Da·

133 2975 135 2980 Ι
216 3010 371 3092 masippo
390 3007 538 3091 praetori
564 3008 694 3072 urbano
718 3005 799 3070 anni
822 3005 875 3070 82.
898 3005 1000 3070 Hunc
1011 3003 1267 3086 Damasippum,

251 3315 287 3388 (ξ)
306 3316 401 3370 Drum.
420 3314 465 3369 IV.
486 3331 545 3385 pag.
564 3313 608 3368 14.

251 3434 294 3507 (†)
312 3435 366 3489 Cic.
393 3434 427 3488 de
453 3435 512 3504 iege
535 3433 641 3504 agraria
658 3431 691 3486 11.
710 3431 754 3485 34.
774 3431 824 3486 92:
846 3448 950 3502 »neque
970 3438 996 3486 te
1016 3431 1045 3485 P.
1065 3431 1155 3499 Rullo,
1176 3430 1266 3484 omina

215 3557 260 3609 iiia
282 3561 363 3625 atque
384 3553 501 3624 auspicia
520 3553 559 3607 M.
578 3552 654 3606 Bruti
673 3568 689 3606 a
710 3550 790 3605 simili
810 3551 901 3605 surore
919 3550 1073 3604 deterrent:
1090 3566 1153 3604 nam
1172 3555 1199 3604 et
1217 3549 1265 3620 qui

215 3673 324 3728 deduxit
351 3679 378 3727 et
404 3673 450 3744 qui
478 3671 666 3742 magistratum
685 3669 801 3740 Capuae,
820 3669 865 3723 ilio
884 3675 1002 3737 creante,
1021 3676 1152 3741 ceperunt
1172 3676 1200 3724 et
1218 3669 1265 3738 qui

215 3795 332 3864 aliquam
352 3800 456 3864 partem
475 3791 548 3845 illius
567 3789 736 3844 deductionis
754 3788 874 3857 honoria,
892 3792 1015 3842 muneris
1033 3789 1190 3860 attigerunt,
1210 3804 1266 3841 om·

215 3928 263 3968 nes
289 3912 477 3968 acerbissimas
505 3910 650 3981 impiorum
668 3925 767 3978 poenas
789 3907 985 3979 pertulerunt.''
1021 3908 1111 3972 Quum
1130 3913 1185 3962 tota
1206 3922 1266 3961 ora·

215 4034 286 4088 tione
309 4031 428 4102 Pompeii
446 4031 505 4085 laus
524 4029 702 4100 praedicetur,
721 4034 780 4082 tum
798 4028 865 4082 haec
883 4027 963 4082 verba
981 4027 1052 4082 dicta
1070 4033 1133 4082 sunt
1148 4027 1174 4081 in
1194 4027 1264 4080 eius-

215 4153 276 4207 dem
295 4153 407 4223 gratiam
429 4151 475 4220 qui
497 4150 612 4203 Brutum
631 4147 776 4202 crudeliter
794 4152 822 4201 et
839 4147 981 4218 perfidiose
1000 4147 1141 4202 interfecit.

251 4272 286 4343 (¹)
304 4271 464 4337 Mommsen,
483 4268 562 4323 Riim.
580 4266 677 4321 Gesch.
696 4266 727 4320 ΙΙ.
746 4282 805 4336 pag.
824 4265 884 4320 226.
