2970 5032
716 329 759 392 69

214 533 315 598 liares
353 531 536 597 Afranium
571 535 606 597 et
640 531 836 596 Volcatium
853 484 898 594 id
922 530 1002 613 egit,
1030 533 1069 595 ut
1092 530 1157 595 sibi
1181 530 1265 595 haec

214 669 389 751 provincia
423 668 645 734 mandaretur
680 671 731 745 o).
784 667 946 733 Caninius
980 666 1041 744 (sic
1079 667 1170 731 enim
1204 685 1264 748 pro

184 890 186 895 Ι
217 806 418 890 ,,Κανωιος”
443 805 534 887 apud
568 805 793 906 Plutarchum
816 804 998 887 legendum
1022 807 1086 879 est)
1117 804 1221 870 etiam
1245 822 1266 870 a

216 943 375 1008 Cicerone
406 943 624 1009 nominatur:
659 943 719 1025 Ep.
752 943 795 1008 ad
830 943 866 1025 Q.
903 943 942 1011 fr.
979 943 1020 1010 H.
1046 943 1076 1009 2.
1102 943 1132 1010 3.
1160 942 1264 1027 „Quid

214 1080 368 1144 futurum
391 1078 436 1144 sit
467 1079 643 1145 latrocinio
665 1079 881 1145 tribunorum
905 1097 973 1146 non
986 1080 1123 1162 divino;
1147 1079 1208 1145 sed
1219 1082 1266 1144 ta·

215 1231 293 1280 men
317 1215 471 1297 suspicor
494 1233 554 1298 per
589 1216 660 1282 vim
685 1215 864 1282 Caninium
887 1217 1100 1299 rogationem
1123 1216 1266 1298 periatu-

216 1349 322 1416 rum.''
368 1351 574 1418 Plutarchus
609 1352 719 1436 docet,
755 1352 865 1434 qualis
899 1353 1002 1418 tuerit
1030 1352 1088 1418 illa
1112 1351 1265 1433 rogatio:

216 1480 319 1549 »ἄνευ
364 1474 524 1558 στράτιᾶς
572 1484 753 1556 Πομπήιον
796 1481 920 1555 ἔχοντα
958 1483 1171 1558 ῥαβδούχους
1204 1484 1267 1539 δυο

218 1629 434 1715 &colluctata
448 1627 698 1705 Ἀλεξανδρεῦσι
715 1631 776 1688 τὸν
792 1624 968 1703 βασιλέα.”
998 1626 1040 1700 (Ῠ)
1076 1622 1189 1688 Cicero
1225 1622 1267 1687 ad

224 1760 440 1842 Spintherem
477 1760 650 1848 scribens:
689 1760 892 1845 „Pompeius
914 1760 997 1824 mihi
1030 1775 1165 1841 semper
1188 1762 1268 1823 tuae

215 1874 448 1985 ¹langii-lavere
483 1898 579 1963 visus
603 1900 657 1962 est
681 1897 785 1962 etiam
809 1896 1091 1978 suspitiosissimo
1114 1900 1268 1978 tempore

222 2028 439 2118 Caniniano'',
474 2034 538 2100 hoc
560 2037 699 2100 tantum
721 2034 850 2099 indicat
873 2033 1084 2115 rogationem
1108 2032 1268 2114 Pompeio

156 2174 164 2189 ·
222 2161 432 2228 conduxisse.
457 2163 543 2228 Tota
566 2179 621 2228 res
645 2162 687 2228 ad
712 2161 855 2227 nihilum
879 2161 1017 2226 redacta
1041 2165 1118 2226 est:
1142 2160 1201 2242 Ep.
1227 2160 1269 2225 ad

200 2299 257 2380 tl.
281 2300 321 2365 ir.
345 2299 386 2365 Π.
412 2301 442 2366 4.
469 2301 499 2365 5.
527 2299 636 2385 „quod
660 2300 701 2365 de
718 2299 879 2382 Pompeio
905 2298 1066 2364 Caninius
1086 2297 1269 2380 egitsane-

220 2454 322 2518 quam
346 2437 488 2519 refrixit,
513 2454 623 2518 neque
647 2437 737 2502 enim
761 2453 816 2502 res
839 2429 1005 2518 probatur
1029 2439 1064 2501 et
1087 2434 1269 2517 Pompeius

220 2578 336 2639 noster
372 2573 406 2637 in
441 2572 592 2638 amicitia
615 2573 651 2639 P.
677 2573 811 2637 Lentuli
835 2572 1051 2652 vituperatur
1076 2575 1111 2636 et
1134 2571 1269 2636 hercule

220 2729 287 2777 non
312 2715 365 2776 est
388 2710 503 2791 idem3
534 2676 615 2774 nam
639 2709 730 2791 apud
753 2685 1138 2791 perditissimam'illam
1162 2724 1201 2772 ac
1224 2708 1269 2771 in·

147 2875 152 2882 ·
219 2851 335 2914 limam
358 2849 487 2915 faecem
516 2849 632 2929 populi
656 2851 795 2930 propter
818 2847 976 2912 Milonem
1000 2843 1216 2925 suboffendit,
1235 2847 1270 2910 et

220 2987 298 3052 honi
328 2986 436 3051 multa
472 2988 515 3051 ab
552 3003 590 3051 eo
622 2985 826 3067 desiderant,
851 2983 960 3049 multa
983 2978 1268 3064 reprehendunt.’‘

265 3262 343 3343 Cup.
368 3261 426 3326 LI.
453 3261 576 3327 Caesar
600 3277 678 3325 cum
701 3260 801 3340 longe
824 3260 946 3323 abesse
958 3257 1132 3324 videretur
1142 3256 1268 3341 tellum

219 3416 339 3478 gerens
363 3416 440 3463 cum
464 3397 578 3478 Belgis
601 3401 636 3461 ct
660 3396 782 3461 Sucvis
805 3399 840 3460 et
864 3393 1048 3476 Britannis,
1072 3410 1127 3458 res
1151 3393 1268 3457 Roma·

219 3553 281 3600 nas
304 3536 443 3601 minime
466 3534 670 3617 negligebat.
701 3533 789 3598 Dum
813 3533 979 3597 invictum
1003 3531 1269 3596 exercitumillis

221 3673 463 3739 certaminibus
486 3674 549 3739 sibi
580 3676 691 3756 parat,
715 3688 876 3752 magnam
900 3670 971 3735 vim
994 3669 1067 3734 auri
1090 3673 1125 3735 et
1137 3669 1269 3750 argenti

257 4017 301 4091 l†)
320 4016 353 4070 cf.
373 4016 420 4088 Ep.
440 4019 481 4072 ad.
501 4020 532 4082 Q.
552 4020 584 4074 i’r.
603 4019 635 4073 ll.
654 4021 679 4072 2.

254 4134 289 4206 (ᾗ)
309 4135 341 4187 ri.
361 4134 408 4204 Ep.
428 4133 470 4187 ari.
489 4133 563 4186 Fam.
583 4131 602 4185 Ι.
623 4133 647 4185 7.
667 4133 710 4186 la:
733 4128 1262 4198 »utsinemultitudinereducatur(Pto

232 4266 341 4303 cinaeus
357 4289 364 4312 ‚
383 4246 507 4301 hominos
530 4244 646 4314 religiosi
667 4245 782 4314 Sibyllae
802 4243 907 4314 placere
925 4242 1074 4296 dixerunt.’'
