2970 5032
734 341 772 406 13

225 557 328 603 mann
352 538 608 619 putateundem
624 538 872 605 Brutumanno
884 541 927 605 88
940 545 1143 625 praetorem,
1157 542 1278 607 deinde

224 675 313 741 inter
339 675 549 757 proscriptos
572 675 687 742 fulsse.
712 679 753 752 (ἓ)
778 675 873 758 Quod
901 677 930 742 si
945 677 995 743 ita
1005 681 1068 760 est,
1082 678 1277 744 coniectura

223 829 300 877 mea
323 812 572 894 quodammodo
596 813 783 893 probatur:
811 813 864 878 mr
887 814 1079 894 praetorius
1110 814 1276 896 enimpri·

224 968 278 1014 mo
302 949 375 1015 loco
400 954 474 1014 erat
493 949 583 1015 inter
607 966 675 1032 eos,
699 950 823 1031 quibus
846 950 1027 1031 imperium
1049 950 1198 1017 daretur.

267 1176 359 1256 Quae
386 1193 486 1258 porro
510 1175 629 1241 eodem
651 1175 769 1257 Capite
799 1174 886 1251 (VII)
912 1180 1096 1240 narrantur
1117 1175 1158 1240 de
1172 1177 1274 1243 rebus

223 1331 243 1377 a
264 1313 425 1394 Pompeio
449 1313 566 1398 gestis,
591 1317 777 1394 antequam
805 1330 881 1377 oum
895 1312 989 1378 Sulla
1001 1330 1038 1379 se
1051 1313 1275 1396 coniunxerit,

222 1468 342 1531 parum
363 1425 527 1516 accurata
551 1455 641 1553 sunt.
670 1450 758 1515 Diolt
779 1449 986 1516 Plutarchus
1007 1450 1173 1532 Scipionis
1185 1469 1275 1517 exer·

221 1586 325 1651 citum
365 1604 442 1651 cum
480 1586 641 1667 Pompeio
675 1601 895 1667 congressum
918 1586 961 1651 ad
985 1604 1064 1652 eum
1086 1588 1274 1671 transiisse,

219 1726 398 1805 ipsumque
435 1723 636 1805 Pompeium
671 1723 712 1788 (le
744 1722 897 1789 Carbone
921 1724 963 1787 ad
990 1724 1106 1790 Arsim
1132 1725 1274 1790 fluvium

219 1861 399 1927 vlotoriam
432 1864 636 1942 reportasse.
682 1861 731 1925 At
766 1860 933 1942 Scipionis
954 1861 1081 1927 milites
1104 1880 1172 1928 non
1197 1880 1275 1928 cum

220 1999 380 2081 Pompeio
411 1998 470 2063 sed
504 2015 580 2062 cum
607 1997 681 2079 ipso
706 1996 801 2062 Sulla
825 2015 862 2064 se
886 1999 1146 2066 combuxerunt.
1171 1999 1272 2077 (Plut.

219 2136 313 2200 Sulla
348 2136 428 2217 Cap.
460 2134 624 2219 XXVIII,
648 2134 721 2200 Liv.
746 2134 835 2216 Epit.
860 2135 933 2201 Lib.
958 2135 1137 2212 LXXXV)
1165 2137 1273 2219 Igitur

216 2273 421 2337 Plutarchus
460 2271 621 2353 Pompeio
660 2270 793 2356 tribuit,
817 2288 904 2352 quae
928 2270 1043 2336 Sullae
1067 2273 1269 2383 ascribenda

113 2463 115 2468 .
218 2414 325 2475 erant.
371 2409 466 2473 Haec
490 2407 641 2473 centusib
666 2407 770 2473 etlam
795 2411 938 2489 apparet
962 2425 1006 2473 ex
1026 2408 1133 2490 ipsins
1145 2409 1271 2492 verbis,

218 2564 308 2629 nam,
338 2546 418 2611 dum
441 2547 476 2610 in
501 2544 615 2611 Sullae
638 2545 804 2611 vitarem
829 2545 950 2610 melius
970 2547 1121 2631 exponit,
1135 2546 1272 2612 hiolere

217 2684 337 2749 iisdem
364 2682 541 2749 vocabulis
552 2683 661 2748 utitur
674 2703 681 2748 :
695 2682 813 2764 Pomp.
828 2682 907 2763 Cap.
925 2682 995 2747 VH.
1014 2679 1068 2767 „ol
1079 2683 1272 2752 Σκηπίωνος

218 2815 449 2889 ἀσπασάμενοι
466 2817 547 2889 τοὺς
565 2818 745 2887 Πομπηίου
762 2814 1013 2887 μετεβάλοντο”
1036 2822 1071 2883 et
1083 2817 1177 2882 Sulla
1190 2817 1270 2898 Cap,

218 2957 392 3022 XXVIII:
422 2953 476 3042 „ot
493 2953 556 3023 μὲν
573 2955 656 3032 (scil.
681 2954 795 3020 Sullae
819 2954 956 3029 milites)
980 2951 1172 3026 ἠσπάσαντο
1190 2952 1271 3022 τοὺς

218 3089 420 3157 Σκηπίωνος,
438 3086 471 3142 οἱ
489 3084 518 3142 d'
536 3081 829 3154 ἀντασπασάμενοι
847 3076 1139 3157 προσεχώρησαν.“’

258 3209 356 3276 Alter
379 3207 554 3273 Plutarchi
582 3223 676 3272 error
700 3210 753 3272 est
777 3206 818 3270 de
830 3205 958 3287 proelio
971 3205 1014 3269 ad
1027 3204 1143 3269 Arsim
1161 3203 1268 3284 pege:

214 3348 342 3423 Aesim)
370 3346 428 3411 ubi
457 3362 525 3410 non
550 3344 658 3409 Carbo
679 3361 700 3408 a
724 3342 884 3424 Pompeio
909 3342 969 3407 sed
994 3340 1152 3406 Carrinas
1174 3340 1269 3404 aMe-

213 3484 294 3550 tello
330 3486 512 3565 superatus
547 3484 609 3547 est.
635 3479 735 3561 (App.
762 3478 803 3543 de
826 3478 864 3544 B.
895 3477 929 3542 C.
953 3477 979 3542 I.
1002 3478 1057 3552 87)
1083 3475 1123 3542 cs.
1149 3475 1266 3541 Drum.

214 3622 272 3688 IV.
298 3623 373 3705 328,
395 3619 437 3686 II.
466 3621 542 3685 462.

263 3893 340 3973 cop.
364 3890 429 3956 IX.
452 3890 492 3954 In
516 3888 630 3954 Sullae
657 3888 803 3969 gratiam
828 3884 1267 3969 PompeIusAutistiamdi·

251 4140 288 4212 (ᾗ)
305 4139 401 4193 Drum.
427 4137 463 4190 IV
490 4153 548 4207 pag.
567 4136 610 4188 le.
631 4136 664 4188 cf.
684 4136 754 4189 Plut.
780 4134 854 4188 Sulla
872 4150 930 4204 cap.
947 4132 992 4187 IX.
1012 4133 1126 4204 Appiam
1144 4133 1178 4186 cle
1199 4133 1265 4186 Bell.

240 4279 264 4315 v.
284 4261 302 4313 l.
322 4259 365 4313 ob.
