2970 5032
814 305 857 368 60

311 502 377 567 huc
401 502 605 584 (Pompeius)
629 503 715 566 haec
738 497 922 572 ἐσοφίζετο,
947 500 1097 581 seleges
1121 498 1275 564 Caesaris
1292 515 1367 579 pro-

311 641 403 723 bare,
427 640 579 705 actiones
601 639 714 721 ipsum
735 642 911 720 praestare
924 637 1059 718 debere;
1072 636 1241 717 agrariam
1253 635 1365 715 legem

311 777 376 842 sibi
398 775 577 860 placuisse,
608 776 803 858 potueritne
826 774 988 842 intercedi
1012 790 1127 854 necne,
1152 771 1235 836 nihil
1259 771 1301 836 ad
1327 788 1365 834 se

198 960 199 963 ,
311 913 566 996 pertinere,...
600 929 691 977 nunc
713 929 806 994 vero,
832 910 1112 993 Sampsiceramo,
1137 909 1216 990 quid
1241 908 1364 974 dices?

311 1051 457 1133 vectigal
488 1056 524 1117 te
562 1051 661 1118 nobis
694 1050 730 1115 in
765 1053 881 1115 monto
919 1048 1119 1114 Antilibano
1144 1047 1365 1114 constituisse

311 1191 383 1272 agri
407 1190 571 1272 Campani
594 1188 808 1255 abstulisse?
839 1189 904 1254 hoo
926 1186 1213 1269 quemadmodum
1237 1187 1364 1253 obtine-

310 1328 389 1394 bis?
412 1344 594 1409 oppressos
617 1344 690 1409 vos,
714 1326 835 1409 inquit,
858 1326 982 1391 tenebo
1007 1326 1159 1391 exercitu
1174 1325 1364 1392 Caesaris.”

310 1465 403 1529 idom
427 1468 552 1531 sonant
575 1480 662 1546 quae
685 1463 860 1544 sequentis
884 1462 1049 1545 epistolae
1073 1463 1169 1528 initio
1180 1464 1361 1545 leguntur:

314 1603 477 1685 „Prorsus
501 1605 541 1666 ut
563 1601 683 1668 scribis
706 1601 756 1666 ita
769 1602 902 1667 sentio:
925 1602 1045 1666 turbat
1057 1600 1362 1684 Sampsmeramus,

309 1739 392 1804 nihil
416 1743 470 1805 est
481 1739 571 1820 quod
587 1756 655 1804 non
668 1738 858 1803 timendum
870 1739 916 1804 sit
927 1759 934 1804 :
947 1735 1232 1809 ὁμολογουμένως
1241 1756 1361 1811 werw-

278 1863 280 1867 ’
309 1879 387 1934 vica
405 1876 654 1947 συσκευάζεται,
685 1877 765 1957 quid
796 1876 885 1942 enlm
920 1877 988 1941 Ista
1019 1879 1197 1958 repentina
1220 1874 1363 1939 affinita-

309 2012 355 2077 tis
390 2013 582 2084 ooniunctio
606 2016 658 2095 (ἓ),
694 2013 774 2094 quid
804 2031 885 2094 ager
909 2012 1114 2095 Campanus,
1138 2012 1218 2093 quid
1243 2010 1362 2077 effusio

310 2150 472 2232 pecuniae
504 2149 724 2230 significatum
760 2149 913 2215 Suadent
941 2149 1044 2230 igItur
1068 2150 1102 2213 hi
1126 2149 1201 2231 loci,
1225 2152 1265 2213 ut
1288 2147 1362 2212 Plu-

309 2288 466 2352 tarchum
497 2286 738 2352 rectevidIsse
761 2293 921 2369 putemus
944 2286 1138 2352 tradentem
1162 2287 1258 2363 (Cato
1281 2286 1361 2351 Min.

310 2423 389 2505 Cap.
423 2422 601 2505 XXXIII),
634 2423 708 2505 lege
740 2424 875 2504 agraria
897 2423 1029 2506 perlata
1053 2424 1233 2490 Caesarem
1258 2422 1358 2488 aliam

308 2562 418 2643 legem
453 2560 698 2645 promulgasse,
734 2579 801 2642 qua
832 2578 912 2642 ager
936 2561 1131 2643 Campanus
1154 2560 1361 2643 pauperibus

312 2699 571 2765 distribueretur
598 2702 644 2774 (³).
680 2678 823 2764 Ineunte
847 2715 964 2764 mense
987 2699 1074 2763 Maio
1098 2698 1139 2762 de
1162 2697 1221 2762 illa
1244 2715 1280 2762 re
1304 2699 1359 2778 agi

310 2841 468 2919 coeptum
503 2841 570 2918 est;
601 2835 745 2900 Bibulus
767 2839 842 2901 tum
865 2853 933 2900 non
957 2836 1104 2918 amplius
1127 2835 1161 2899 in
1185 2835 1358 2917 publicum

309 2973 453 3055 prodiit:
467 2972 559 3054 (Cap.
573 2972 728 3046 XLVIII)
752 2969 1022 3056 „Hoanoukvmv
1038 2972 1076 3029 δὲ
1085 2971 1218 3028 τούτων
1226 2970 1358 3040 Βύβλος

306 3107 369 3176 μὲν
386 3105 433 3177 εἰς
452 3107 512 3178 τὴν
530 3105 641 3163 οὶκίαν
650 3104 957 3176 κατακλεισάμενος
965 3101 1055 3162 ὀκτώ
1064 3107 1180 3176 μηνῶν
1187 3100 1228 3160 οὐ
1235 3106 1357 3178 προῆλ-

306 3245 371 3297 θεν
396 3235 572 3297 ὑπατεύων
597 3235 668 3294 ἀλλ’
698 3235 859 3310 ἐξέπεμπε
885 3237 1124 3312 διαγράμματα
1142 3238 1357 3309 βλασφημίας

307 3371 436 3448 ἀμφοῖν
460 3375 627 3452 (Caesaris
654 3378 690 3439 et
721 3374 885 3456 Pompeii)
909 3369 1032 3444 ἔχοντα
1048 3376 1106 3430 καὶ
1122 3366 1356 3447 κατηγορίας.”

306 3511 401 3578 Haec
425 3518 507 3578 sunt
532 3512 790 3596 „Archilochia”
810 3511 868 3577 illa
880 3511 1001 3594 edicta,
1015 3528 1102 3591 quae
1114 3509 1238 3593 populo
1251 3510 1300 3574 ita
1311 3510 1356 3574 iu-

995 3737 1349 3748 ...--——----

341 3883 372 3956 (ᾗ)
393 3886 426 3938 cf.
445 3884 515 3938 Plut.
531 3885 624 3956 Pomp.
648 3884 710 3956 Cap.
721 3884 839 3938 XLVIII.

251 4069 252 4073 ἵ
341 3998 372 4067 Γ)
391 3998 502 4052 Diversa
520 3999 652 4053 sententia
672 4000 829 4070 exponitur:

342 4111 491 4165 Drumann.
515 4110 546 4164 G.
566 4112 599 4165 R.
620 4109 663 4165 III.
682 4111 743 4166 197.

341 4223 500 4278 Mommsen.
518 4225 551 4278 R.
570 4224 602 4278 G.
620 4225 664 4279 III.
682 4225 744 4280 199.
