2970 5032
728 342 770 404 59

217 534 339 602 Martio
373 555 404 604 a.
439 537 504 621 59.)
545 540 670 625 „statui
706 541 796 605 enim
831 541 913 604 nihil
938 541 1006 606 iarn
1030 541 1072 607 de
1095 541 1267 624 republica

217 671 399 755 cogitare.’'

261 811 324 894 Ep.
361 813 408 878 ad
430 815 497 880 Aa.
523 815 564 881 Π.
590 817 621 881 6.
646 820 721 892 (scr.
746 816 780 879 in
805 816 939 881 Antiati
963 834 993 882 a.
1019 817 1073 891 59)
1101 834 1198 902 „csse
1224 817 1266 882 lo-

217 968 296 1015 cum
317 955 392 1016 tam
415 969 520 1034 prope
542 953 689 1018 Romam
711 953 769 1018 ubi
794 953 892 1018 multi
916 953 996 1037 sint,
1020 954 1077 1035 qui
1090 954 1267 1020 Vatinium

216 1104 403 1169 numquam
439 1089 610 1154 viderint?
645 1090 703 1155 ubi
735 1107 835 1155 nemo
870 1091 917 1156 sit
952 1095 1087 1172 praeter
1121 1108 1186 1172 me,
1211 1091 1267 1172 qui

216 1241 423 1306 quemquam
451 1242 494 1290 ex
518 1225 640 1306 viginti
664 1226 747 1292 viris
771 1228 891 1294 vivum
915 1233 950 1294 et
972 1228 1108 1294 salvum
1131 1228 1216 1294 velit
1226 1227 1266 1294 ?''

260 1361 321 1444 Ep.
345 1363 392 1428 cd
414 1364 482 1429 Aa.
506 1363 547 1430 H.
574 1365 603 1430 7.
629 1364 659 1430 4.
685 1369 760 1440 (scr.
785 1365 819 1428 in
843 1366 977 1431 Antiati
991 1384 1021 1432 a.
1036 1367 1109 1440 dili:
1128 1366 1268 1442 [lterum

214 1505 449 1566 memorantur
481 1501 602 1582 viginti
624 1502 700 1580 viri,
723 1503 832 1584 iisque
855 1505 979 1585 verbis,
1002 1509 1042 1570 ut
1065 1504 1204 1570 Atticus
1227 1504 1268 1568 de

213 1638 362 1721 quadam
397 1638 607 1704 dissensione
643 1640 819 1722 scripsisse
852 1641 1032 1718 videatur]
1071 1643 1150 1726 „scd
1185 1641 1268 1706 illud

214 1776 295 1858 quid
329 1777 385 1861 sit,
420 1777 506 1843 scire
542 1778 650 1861 cupio,
675 1779 764 1858 quod
787 1778 869 1843 iacis
894 1779 1046 1861 obscure,
1071 1779 1140 1843 iam
1164 1780 1268 1844 etiarn

215 1932 257 1978 ex
291 1913 414 1994 viginti
449 1914 532 1979 viris
566 1914 657 1996 loqui
692 1915 868 1998 quosdam,
893 1915 1055 1996 quidnam
1079 1915 1112 1978 id
1137 1918 1216 1981 est‘l
1239 1917 1267 1980 si

216 2055 268 2117 ost
289 2052 380 2117 enirn
403 2051 539 2136 aliquid,
563 2051 641 2134 plus
664 2056 718 2118 est
740 2053 820 2118 boni
844 2071 946 2134 quam
971 2050 1161 2134 putaram.'’

256 2189 334 2255 Non
369 2189 594 2254 dubitandum
633 2195 696 2273 est,
732 2190 813 2270 quin
837 2193 908 2256 tres
931 2189 1011 2254 illae
1035 2189 1201 2271 epistolae
1224 2188 1266 2272 V,
1307 2168 1311 2181 ’

213 2325 262 2391 VI
296 2331 332 2392 et
369 2327 434 2392 VII
468 2327 543 2392 libri
577 2328 716 2393 secundi
740 2328 888 2410 scriptae
912 2328 982 2393 sint
1005 2345 1123 2392 mense
1145 2327 1267 2391 Martio

134 2438 137 2442 ⁵
212 2468 275 2528 aut
307 2463 447 2529 ineunte
481 2481 599 2530 mense
630 2464 751 2546 Aprili,
776 2464 895 2528 eodem
918 2464 988 2529 sere
1011 2468 1176 2546 tempore,
1201 2481 1267 2544 quo

212 2605 396 2682 sequentes
428 2600 510 2665 VIH
545 2605 580 2664 et
613 2600 675 2683 IX,
701 2600 781 2665 dum
805 2599 920 2664 Cicero
944 2600 978 2663 in
1004 2601 1138 2665 Antiati
1163 2618 1268 2666 mora·

213 2740 316 2804 batur
340 2742 391 2815 (d).
423 2737 582 2819 Sequitur
606 2755 648 2802 ex
673 2737 756 2802 locis
780 2737 904 2820 citatis
930 2737 1051 2817 viginti
1076 2738 1168 2802 viros
1192 2741 1266 2802 tum

214 2877 284 2940 iam
321 2881 454 2940 creatos
489 2891 573 2940 esse.
599 2874 661 2955 Qui
685 2878 802 2939 autem
826 2874 890 2938 hoc
913 2873 986 2938 fieri
1009 2875 1179 2956 potuisset
1202 2874 1265 2938 nisi

213 3013 287 3093 lege
310 3012 444 3093 agraria
466 3011 622 3092 perlata?
646 3011 741 3092 Quod
765 3012 793 3076 si
817 3011 867 3075 ita
890 3028 965 3076 sese
989 3011 1104 3082 habet,
1129 3011 1266 3075 omnino

213 3167 353 3216 necesse
388 3153 451 3233 est,
475 3152 515 3214 ut
538 3149 602 3213 hoc
626 3151 831 3228 statuamus,
857 3148 961 3212 aliam
985 3149 1090 3213 fuisse
1115 3148 1202 3212 hanc
1225 3147 1267 3210 le-

214 3305 291 3368 gem
326 3287 506 3369 agrariam,
531 3285 634 3350 aliam
657 3285 752 3349 illam
775 3284 885 3365 legem
910 3285 951 3350 de
975 3302 1056 3366 agro
1082 3284 1265 3368 Campana

215 3426 256 3489 de
279 3443 346 3506 qua
370 3425 484 3489 Cicero
509 3423 663 3505 scripsit:
688 3422 731 3486 ad
755 3421 830 3491 Att.
855 3421 896 3486 ll.
925 3422 974 3487 16.
1004 3423 1030 3486 1.
1056 3426 1131 3498 (scr.
1144 3420 1266 3485 101101·-

214 3564 327 3627 miano
362 3562 501 3627 ineunte
536 3577 653 3625 mense
688 3558 775 3624 Maio
809 3577 838 3624 a.
873 3559 927 3632 59)
954 3557 1102 3642 „Cenato
1126 3556 1209 3620 mihi
1232 3561 1268 3620 et

213 3699 282 3764 iam
306 3699 504 3764 dormitanti
526 3698 633 3779 pridie
656 3696 733 3761 Kal.
757 3695 863 3760 Maias
887 3694 1032 3777 epistola
1056 3698 1109 3759 est
1130 3692 1188 3758 illa
1198 3693 1266 3758 red-

215 3837 306 3920 dita,
341 3837 376 3900 in
407 3853 474 3916 qua
509 3834 550 3898 de
573 3852 655 3915 agro
681 3833 853 3914 Campano
878 3831 1017 3912 scribis;
1032 3882 1039 3897 .
1055 3882 1084 3896 ..
1110 3849 1189 3895 narn
1214 3831 1267 3895 ad·

561 3984 642 3991 —..
846 3982 1002 3990 ..-—--———-

249 4045 282 4117 (fi)
303 4046 335 4099 ci.
356 4045 389 4098 de
409 4045 454 4097 illo
476 4044 574 4098 itincre
593 4042 641 4113 Ep.
663 4042 696 4096 ad
715 4044 770 4097 nn.
794 4041 824 4095 Π.
843 4040 869 4095 9.
889 4041 915 4094 ll.

284 4155 288 4162 ’
608 4175 619 4208 u
675 4174 686 4208 r>
737 4174 750 4208 r>
793 4153 888 4208 1110.

611 4289 620 4320 r
675 4288 685 4320 0
737 4285 750 4320 r>
796 4266 931 4321 illua
