2970 5032
715 268 757 330 80

211 460 254 530 „d
273 461 448 533 Πομπήιος
466 455 529 532 ἔφη
546 458 729 534 γράμματα
749 459 924 531 Καίσαρος
941 451 1032 525 ἔχειν
1048 449 1266 524 βουλομένου

211 594 327 661 λαβεῖν
344 589 508 658 διάδοχον
524 591 581 644 καὶ
598 587 796 644 παύσασθαι
813 588 873 657 τῆς
890 585 1078 659 στρατείας·
1096 579 1262 651 ὑπατείας

211 718 329 789 μέντοι
345 719 402 774 καὶ
417 716 463 787 μὴ
472 715 615 790 παρόντι
624 716 736 785 καλῶς
747 709 837 784 ἔχειν
846 711 977 784 αἴτησιν
987 709 1080 786 αὐτῷ
1092 711 1269 784 domuel*

212 859 276 923 His
299 856 483 939 postulatis
507 855 690 936 Pompeius
713 853 882 919 concessit
905 853 1142 918 additamento
1153 851 1210 917 illo
1224 852 1271 917 ad

212 994 322 1076 legem
354 1010 463 1076 suam,
491 991 580 1073 quod
607 989 789 1055 Suetonius
811 993 1065 1056 commemorat.
1091 989 1271 1072 Copiosius

215 1131 278 1195 hac
303 1130 344 1195 de
367 1147 403 1195 re
425 1129 491 1194 Cic.
516 1129 576 1210 Ep.
602 1127 645 1192 ad
676 1127 752 1194 Att.
777 1126 867 1194 VIII.
893 1128 923 1193 3.
948 1128 1000 1194 3.:
1028 1127 1136 1212 „idem
1161 1127 1271 1204 (Pom-

215 1268 321 1348 peius)
346 1266 381 1330 in
403 1265 505 1331 tertio
530 1264 779 1330 consulatu...
803 1264 994 1348 contendit,
1018 1269 1057 1330 ut
1081 1264 1117 1329 X
1138 1265 1270 1330 tribuni

217 1404 355 1487 ferrent,
377 1406 417 1468 ut
435 1403 588 1468 absentis
611 1403 698 1467 ratio
720 1402 914 1485 haberetur,
937 1402 1027 1482 quod
1050 1402 1137 1467 idern
1152 1403 1270 1468 sanxit

218 1540 291 1623 lege
315 1539 463 1620 quadam
486 1535 581 1604 sua.”
605 1539 746 1620 Aliquot
770 1539 869 1604 annis
881 1541 961 1620 post
981 1539 1096 1604 Cicero
1108 1538 1271 1622 affirmat,

219 1695 255 1742 se
276 1676 437 1758 Pompeio
462 1676 676 1759 dissuassise,
704 1679 744 1740 ut
756 1676 910 1742 absentis
922 1677 1092 1742 rationem
1104 1677 1270 1743 haberet:

219 1816 363 1897 Philipp.
392 1815 443 1880 il.
485 1816 534 1879 10.
560 1816 612 1880 24.
640 1814 726 1899 „duo
748 1819 865 1879 tamen
888 1805 1045 1896 tempora
1068 1814 1272 1898 inciderunt,

220 1954 342 2033 quibus
370 1951 496 2032 aliquid
531 1955 651 2016 contra
685 1951 867 2015 Caesarem
896 1951 1057 2032 Pompeio
1081 1951 1273 2033 suaserim;

220 2107 326 2154 unum
360 2107 404 2155 ne
439 2088 659 2170 quinquennii
693 2088 873 2169 imperium
901 2087 1038 2153 Caesari
1061 2093 1272 2171 prorogaret,

221 2228 368 2292 alterum
402 2244 445 2290 ne
479 2231 655 2308 pateretur
682 2225 760 2290 ferri
784 2229 824 2291 ut
847 2226 1000 2291 absentis
1023 2227 1111 2292 ratio
1134 2226 1275 2291 habere·

220 2365 308 2429 tur.''
354 2363 515 2445 Aliquam
550 2362 707 2428 veritatis
742 2363 891 2444 speciem
925 2363 1011 2428 haec
1034 2365 1210 2447 haberent,
1235 2366 1272 2427 ni

222 2501 336 2566 Cicero
370 2501 443 2583 ipse
477 2501 648 2567 contraria
682 2501 898 2566 tradidisset:
945 2501 1004 2583 Ep.
1030 2501 1072 2566 ad
1095 2502 1170 2566 Att.
1194 2501 1272 2566 VH.

225 2641 251 2703 l.
288 2640 317 2704 4.
357 2657 457 2724 „uam
490 2644 530 2705 ut
563 2639 612 2703 illi
650 2639 809 2716 (Caesari)
853 2639 916 2706 hoc
954 2642 1182 2717 (consulatum
1220 2657 1273 2721 pe-

221 2779 293 2840 tere
339 2776 490 2841 exercitu
524 2793 593 2841 non
628 2776 777 2851 dimisso)
814 2777 931 2843 liceret
970 2779 1096 2862 adiuvi,
1132 2783 1275 2859 rogatus

221 2914 264 2977 ab
303 2913 376 2995 ipso
415 2914 600 2978 Ravennae
638 2914 679 2978 de
718 2914 830 2980 Caelio
869 2915 1006 2981 tribuno
1048 2916 1093 2998 pl.
1129 2885 1273 2999 abipso

222 3053 364 3116 autem?
400 3052 504 3116 etiarn
538 3068 559 3115 a
594 3050 705 3117 Gnaeo
726 3057 859 3119 ‘nostro
891 3053 1006 3119 inille
1031 3054 1145 3120 diuino
1169 3055 1273 3120 tertio

223 3185 434 3254 consulatu.''
471 3188 577 3254 ltern:
609 3188 669 3270 Ep.
697 3188 740 3253 ad
764 3189 859 3256 Fam.
884 3190 942 3256 Vl.
967 3193 997 3257 6.
1027 3192 1056 3257 5.
1085 3192 1275 3277 „rationem

224 3326 341 3390 haberi
375 3326 528 3391 absentis
562 3344 630 3391 non
661 3331 736 3392 tam
770 3329 931 3412 pugnavi,
956 3333 996 3394 ut
1018 3329 1145 3414 liceret,
1170 3347 1273 3411 quarn

225 3467 273 3546 ut,
299 3463 459 3543 quoniam
482 3463 555 3545 ipso
580 3465 717 3530 consule
746 3469 922 3547 pugnante
945 3467 1093 3549 populus
1116 3468 1275 3551 iusserat,

225 3596 438 3665 haberetur.'’
472 3600 546 3666 Hoc
569 3600 783 3682 privilegium
803 3603 839 3666 in
863 3602 1017 3669 Caesaris
1040 3607 1186 3686 gratiam
1210 3606 1276 3687 legi

226 3735 408 3838 Pompeiae
431 3737 472 3801 de
493 3737 566 3802 iure
590 3739 854 3818 magistratuum
877 3740 1048 3806 adiectum
1071 3744 1186 3825 magni
1209 3762 1277 3808 rno-

227 3872 333 3937 menti
355 3869 436 3956 fuit3
472 3891 553 3938 narn
577 3892 615 3940 eo
641 3876 893 3959 continebatur,
918 3877 1099 3944 Caesarem
1122 3885 1278 3963 tempore

227 4009 378 4089 legitimo
413 4009 539 4094 elapsu,
572 4013 752 4094 imperium
786 4014 933 4080 retinere
967 4034 1068 4097 posse
1102 4021 1276 4100 usquead

232 4148 420 4214 secundum
457 4150 682 4215 consulatum.
719 4151 766 4216 Cf.
802 4153 861 4234 Ep.
897 4153 941 4218 ad
975 4154 1050 4221 Att.
1074 4155 1148 4222 VII.
1175 4159 1204 4222 7.
1230 4159 1277 4223 6.;
