2970 5032
803 266 845 328 58

302 465 412 528 Peteri
448 467 488 540 (ἓ)
534 464 667 546 opinio:
711 463 890 528 Caesarem
929 461 1102 527 consulem
1138 459 1358 541 designatum

303 603 391 665 hanc
414 601 615 666 societatem
638 601 764 666 iniisse.
811 599 861 664 Ex
886 598 1056 664 Ciceronis
1073 597 1281 663 testimoniis
1294 596 1358 662 vix

302 739 482 820 quicquam
506 738 598 803 aliud
623 737 733 818 colligi
757 738 846 803 licet.
916 752 919 757 ·

346 1015 551 1080 Plutarchus
592 1017 775 1096 postquam
811 1012 984 1093 narravit,
1020 1029 1080 1076 cur
1115 1011 1239 1076 Caesar
1274 1027 1356 1076 cum

302 1151 462 1233 Pompeio
498 1155 533 1216 et
569 1150 690 1214 Crasso
715 1166 751 1214 se
776 1149 1011 1230 coniunxerit,
1036 1148 1077 1212 de
1100 1147 1255 1213 Caesaris
1278 1164 1356 1212 con·

302 1288 418 1353 sulatu
440 1289 488 1352 ita
511 1287 622 1370 pergit
639 1307 646 1352 :
668 1287 745 1366 Cup.
760 1285 899 1350 XLVII
922 1280 1049 1370 „peace
1066 1283 1129 1353 μὲν
1145 1282 1209 1356 γὰρ
1225 1281 1358 1352 ὕπατος

304 1423 447 1491 Καῖσαρ.
474 1414 581 1488 εὐθὺς
599 1416 636 1473 δὲ
653 1415 856 1490 θεραπεύων
873 1415 933 1472 τὸν
950 1411 1079 1487 ἄπορον
1095 1415 1151 1468 καὶ
1160 1410 1284 1483 πένητα
1292 1428 1354 1467 κα-

302 1549 430 1618 τοικίας
454 1546 587 1603 πόλεων
611 1550 668 1603 καὶ
695 1545 804 1617 νομὰς
830 1541 942 1618 ἀγρῶν
958 1541 1115 1617 ἔγραφεν,
1133 1539 1296 1612 ἐκβαίνων
1314 1541 1358 1597 τὸ

303 1681 360 1748 τῆς
378 1672 484 1749 ἀρχῆς
492 1672 625 1747 ἀξίωμα
633 1678 690 1731 καὶ
700 1674 827 1748 τρόπον
836 1675 910 1731 τινὰ
921 1673 1114 1746 δημαρχίαν
1122 1672 1182 1743 τὴν
1190 1667 1360 1728 ὑπατείαν

302 1811 502 1883 καθιστάς.”
548 1811 640 1876 More
663 1829 724 1876 suo
749 1810 953 1875 Plutarchus
977 1809 1060 1873 nihil
1084 1809 1198 1874 adiicit
1221 1809 1262 1873 de
1286 1808 1359 1874 illis

302 1949 433 2029 legibus
468 1954 503 2015 et
527 1949 676 2015 coloniis.
723 1949 857 2030 Quanto
881 1948 1002 2013 melius
1025 1948 1109 2011 haec
1132 1949 1215 2012 nota
1238 1950 1361 2011 essent

303 2087 330 2151 si
367 2088 513 2168 priorem
548 2087 628 2151 anni
663 2087 703 2150 61
734 2090 868 2168 partem
893 2084 1007 2150 Cicero
1031 2086 1160 2150 Romae
1184 2083 1360 2164 <legissem

303 2225 375 2289 eius
408 2224 572 2306 epistolae
600 2224 728 2288 claram
752 2223 862 2287 lucem
886 2220 1100 2305 attulissent,
1124 2221 1182 2285 ubi
1206 2237 1296 2286 nunc
1320 2221 1360 2285 in

258 2380 262 2388 ·
304 2360 453 2425 tenebris
486 2377 671 2425 versamur.
717 2359 767 2424 Ex
790 2359 832 2424 iis
856 2359 956 2442 enim,
981 2376 1068 2439 quae
1091 2358 1205 2423 Cicero
1229 2358 1272 2422 ad
1296 2356 1361 2422 At-

304 2497 410 2561 ticum
435 2497 618 2581 rescripsit,
632 2496 827 2562 coniectura
839 2499 976 2561 tantum
988 2496 1147 2575 augurari
1159 2512 1358 2579 possumus

303 2635 382 2716 quid
418 2635 458 2698 de
492 2651 607 2699 rerum
641 2635 873 2699 Romanarum
897 2633 1089 2698 conditione
1113 2633 1200 2698 alter
1223 2633 1360 2698 nuntia·
1388 2618 1392 2624 ’

303 2773 401 2837 verit.
462 2770 652 2836 Nonnullos
695 2769 789 2835 locos
823 2787 1046 2853 componam,
1068 2754 1124 2834 'ad
1159 2770 1247 2835 hanc
1281 2787 1358 2835 rem

303 2909 531 2990 indagandam
554 2908 803 2988 quodammodo
827 2909 1059 2989 pertinentes:

347 3047 408 3128 Ep.
434 3046 480 3110 ud
503 3047 569 3110 Aa.
594 3024 642 3111 H.
667 3047 698 3111 3.
723 3047 753 3112 3.
786 3050 861 3121 (scr.
886 3048 1014 3112 Romae
1037 3064 1155 3112 mense
1178 3046 1358 3112 Decembri

304 3205 333 3249 a..
359 3185 435 3258 60);
473 3189 554 3269 „aut
588 3182 723 3249 fortiter
756 3183 982 3249 resistendum
1020 3183 1163 3265 estlegi
1182 3183 1357 3267 agrariae,
1456 3275 1463 3285 η

304 3322 337 3385 in
372 3338 438 3402 quo
474 3325 528 3386 est
550 3320 718 3401 quaedam
743 3320 913 3386 dimicatio
937 3321 996 3386 sed
1020 3320 1122 3403 plena
1145 3321 1270 3401 laudis;
1293 3325 1357 3385 aut

304 3459 565 3541 quiescendum,
602 3458 691 3539 quod
727 3463 781 3524 est
812 3477 880 3524 non
916 3459 1077 3524 dissimile
1112 3463 1215 3541 atque
1247 3460 1296 3524 ire
1319 3458 1356 3523 in

305 3595 480 3661 Solonium
503 3599 564 3661 aut
587 3594 752 3676 Antium;
776 3600 838 3661 aut
861 3597 965 3661 etiam
988 3596 1241 3679 adiuvandum,
1265 3596 1355 3677 quod

185 3727 192 3745 ¹
305 3750 325 3795 a
348 3750 403 3796 me
426 3731 524 3797 aiunt
546 3732 728 3797 Caesarem
750 3733 799 3799 sic
823 3737 1032 3817 exspectare,
1057 3737 1176 3799 utnon
1189 3729 1356 3800 dubitet.’'

350 3869 410 3948 Ep.
446 3869 492 3933 od
526 3871 593 3934 Au.
629 3868 677 3934 Π.
712 3870 742 3934 4.
779 3870 810 3934 4.
851 3874 925 3945 (scr.
961 3869 995 3933 in
1025 3870 1215 3936 Tusculano
1239 3887 1358 3936 mense

344 4183 380 4253 (5)
399 4181 428 4235 C.
448 4182 536 4235 Peter.
556 4180 716 4234 Geschichte
734 4180 826 4232 Roms
847 4178 879 4232 Il.
898 4195 956 4249 pag.
976 4178 1037 4233 227.
