2970 5032
718 354 759 417 67

258 555 343 618 Tum
367 552 572 617 Plutarchus
595 551 644 615 ita
667 549 794 632 pergit:
833 557 1052 634 „uropnmogt
1068 558 1266 631 προαγαγών

213 684 273 740 τὸν
290 678 440 755 ἀδελφὸν
458 677 565 738 αὐτοῦ
578 678 793 754 (Κικέρωνος)
804 680 966 751 δεόμενον
979 681 1040 738 σὺν
1048 684 1137 755 χειρὶ
1145 685 1264 755 πολλῇ,

213 811 417 884 τραυμάτων
437 807 473 868 ἐν
493 806 599 883 ἀγορᾷ
617 808 807 879 γενομένων
823 811 880 866 καί
896 828 998 866 τινων
1006 806 1264 884 ἀναιρεθέντων,

214 937 376 1012 ἐκράτησε
393 941 455 995 τοῦ
471 931 662 994 Krootov.''
716 931 1010 1012 Quemadmodum
1050 932 1175 997 fuerint
1207 932 1301 1035 111ειΙ

213 1076 391 1150 τραύματα
409 1073 446 1133 ὲν
463 1071 569 1149 ἀγορᾷ
587 1073 767 1145 γενόμενα,
791 1068 960 1151 copiosius
982 1073 1155 1134 narratur:
1175 1069 1263 1134 Plut.

215 1208 280 1272 Cic.
296 1207 374 1288 Cap.
387 1204 552 1270 XXXIII.
578 1205 618 1271 cf.
633 1205 698 1271 Cic.
709 1224 770 1287 pro
783 1206 893 1271 Sestio
905 1206 957 1271 35.
972 1207 989 1270 7
994 1207 1027 1272 i:
1043 1206 1266 1290 „meministis

214 1348 298 1425 tum,
323 1343 460 1425 iudices,
486 1342 682 1422 corporibus
703 1321 828 1406 ciuium
841 1342 988 1407 Tiberim
1001 1343 1171 1426 compleri,
1183 1344 1266 1409 cioa·

215 1500 273 1546 cas
290 1481 449 1562 reiarciri,
464 1451 490 1544 e
511 1479 583 1544 ioro
608 1479 759 1559 spongiis
775 1478 888 1560 effingi
904 1478 1136 1561 sanguinem.'‘
1161 1482 1266 1547 Facta

215 1623 269 1684 est
292 1636 332 1682 ea
357 1618 487 1698 caedes,
513 1632 590 1680 cum
613 1615 787 1680 Fabricius
800 1616 841 1680 de
853 1616 964 1681 reditu
979 1616 1147 1683 Ciceronis
1159 1618 1269 1699 legem

215 1755 329 1834 terret,
354 1769 440 1832 quae
463 1752 519 1816 ion
540 1738 1013 1832 auremtonperlataestrs).
1040 1753 1160 1838 „Victa
1180 1754 1270 1818 enim

218 1895 272 1955 est
295 1907 398 1955 causa
422 1890 469 1955 rei
491 1889 647 1971 publicae
670 1893 706 1954 et
728 1890 821 1955 victa
844 1907 913 1955 non
937 1891 1108 1974 auspiciis,
1134 1908 1202 1957 non
1225 1892 1271 1956 in-

218 1994 448 2111 tercessione,
470 2044 538 2092 non
573 2026 754 2110 suffragiis,
791 2027 850 2092 sed
873 2027 918 2111 vi,
944 2045 1058 2111 manu,
1083 2027 1180 2094 ferro.
1206 2025 1269 2105 (†)”

220 2165 334 2245 Longe
357 2165 461 2245 igitur
483 2164 603 2246 abfuit,
629 2164 709 2245 quin
733 2163 790 2230 iilo
815 2165 868 2229 die
893 2164 1029 2231 Clodius
1041 2169 1270 2248 superaretur,

220 2320 329 2382 neque
352 2301 513 2383 Pompeio
539 2318 599 2366 eae
622 2305 739 2383 partes
762 2301 797 2365 in
822 2302 981 2368 Cicerone
1005 2303 1196 2368 revocando
1216 2305 1272 2368 tri·

220 2439 375 2503 tuendae
410 2442 502 2521 sunt,
535 2455 621 2518 quas
646 2411 861 2503 ‘Plutarchus
897 2439 926 2504 ei
962 2439 1136 2521 imposuit.
1183 2442 1271 2506 Nam

220 2593 308 2656 quae
344 2575 384 2639 de
420 2574 589 2639 Ciceronis
623 2574 735 2639 salute
771 2575 851 2658 egit,
887 2579 965 2640 acta
989 2580 1071 2642 sunt
1093 2578 1272 2644 voluntate

222 2713 386 2778 Caesaris.
419 2710 453 2776 Si
478 2729 517 2776 ea
542 2714 677 2776 tantum
702 2711 921 2796 attendimus,
945 2730 1032 2793 quae
1056 2712 1170 2780 Cicero
1194 2721 1273 2797 post

221 2851 368 2916 reditum
411 2850 446 2914 in
479 2852 601 2914 senatu
636 2848 821 2929 grandibus
856 2849 971 2915 verbis
1000 2848 1199 2933 praedicat,
1236 2856 1271 2930 (Ἴ

223 2989 405 3071 Pompeius
440 2990 559 3051 auctor
594 2985 667 3050 eius
700 2986 822 3050 salutis
845 2987 953 3052 videri
976 2989 1103 3070 possit;
1139 2993 1176 3054 at
1199 2989 1272 3071 ipse

225 3101 338 3192 Cicero
371 3125 405 3188 in
441 3121 594 3205 epistolis
628 3121 746 3188 melior
784 3123 885 3189 testis
920 3128 991 3205 est3
1027 3124 1073 3189 ibi
1109 3131 1271 3207 apparet,

224 3262 423 3345 Pompeium
453 3264 529 3325 tum
553 3258 690 3323 demum
714 3277 854 3325 causam
878 3259 1048 3326 Ciceronis
1071 3262 1271 3345 suscepisse,

223 3418 300 3470 curn
338 3399 475 3463 litterae
509 3413 530 3460 a
563 3395 707 3460 Caesare
742 3395 806 3461 sibi
840 3396 1003 3461 remissae
1038 3401 1154 3463 essent
1178 3402 1213 3463 et
1235 3398 1271 3479 Q.

223 3537 337 3601 Cicero
372 3535 413 3599 de
446 3521 552 3598 fratre
589 3531 784 3616 recepisset,
820 3549 898 3596 eum
930 3532 1013 3597 nihii
1052 3537 1171 3599 contra
1195 3539 1272 3599 acta

225 3671 378 3738 Caesaris
402 3674 603 3735 conaturum
628 3667 698 3749 (Ep.
724 3667 777 3734 ad.
801 3668 876 3734 Att.
900 3668 959 3735 HI.
988 3670 1082 3743 18.1).

267 3810 435 3876 Postridie
470 3813 653 3891 postquam
687 3808 831 3872 Romam
855 3807 964 3890 rediit,
989 3808 1103 3875 Cicero
1128 3811 1168 3876 de
1192 3829 1272 3877 cura

314 4034 367 4087 Cic.
387 4049 434 4104 pro
453 4032 551 4086 Milone
569 4030 613 4084 14.
631 4029 674 4085 38.

259 4036 269 4097 i
285 4034 296 4102 i

258 4033 303 4226 (i)
321 4154 374 4207 Cic.
394 4169 442 4223 pro
460 4151 545 4206 Sestio
562 4149 605 4204 36.
625 4150 667 4205 78.

259 4274 296 4345 (³)
315 4273 368 4328 Cic.
388 4278 447 4343 post
466 4270 532 4324 Red.
553 4270 581 4323 in
604 4285 659 4325 sen.
678 4269 721 4322 ii.
740 4269 783 4322 ⁶29.
