3054 5032
736 303 798 369 100

737 530 796 597 IV.

281 739 364 804 Ibid,
389 758 462 822 cap.
481 739 659 806 XXXIV:
685 737 720 796 αἱ
737 740 801 808 μὲν
817 742 882 817 πρὸ
900 741 1011 813 γάμου
1021 742 1198 814 πλόκαμον
1207 741 1289 802 άπο·

235 871 445 941 ταμνόμεναι
469 875 525 928 καὶ
553 875 629 947 περὶ
660 869 830 947 ἄτρακτον
862 870 1028 946 εἱλίξασαι
1052 870 1107 931 ε’πὶ
1134 877 1174 932 τὸ
1197 879 1288 949 σῆμα

235 992 373 1044 τιθεῖσι.

279 1109 344 1174 Pro
373 1102 650 1176 ἀποταμνόμεναι
667 1110 741 1192 lege
759 1105 1029 1199 άποταμόμεναι.

285 1552 388 1618 Thuc,
416 1550 474 1616 ΙΙΙ,
499 1551 561 1617 34;
582 1542 616 1602 οἱ
633 1547 671 1604 δὲ
688 1544 934 1619 ὑπεξελθόντες
950 1550 1095 1620 τούτους
1111 1544 1289 1618 (παὶόντες

235 1674 393 1748 φυγάδες)
411 1673 471 1730 τόν
489 1673 631 1745 Πάχητα
649 1668 840 1744 ἐπάγονται.

279 1798 395 1863 Verba
417 1796 551 1862 uncinis
574 1796 705 1860 inclusa
729 1795 891 1860 eiicienda
915 1799 1005 1861 suni.

731 2037 788 2103 VI.

279 2281 382 2344 Thuc,
417 2280 475 2344 ΙΙΙ,
515 2281 598 2344 109;
635 2276 821 2348 Μενεδάιος
842 2277 958 2337 δεμ..
977 2273 1286 2353 άπορῶν....ότῳ

232 2410 347 2486 τρόπῳ
364 2407 384 2482 ἢ
400 2408 513 2479 μένων
529 2408 800 2483 πολιορκήσεται,
818 2401 855 2462 ἔκ
873 2424 910 2462 τε
926 2407 985 2478 γῆς
993 2409 1050 2462 καὶ
1062 2402 1101 2463 ἐκ
1109 2406 1289 2479 θαλάσσης

236 2533 322 2596 (ταῖς
336 2521 495 2595 Ἀττικαῑς
511 2527 641 2587 ναυσὶν)
659 2520 948 2595 άποκειιλῃμένος.
961 2560 970 2579 .
982 2559 1011 2578 ..

277 2648 393 2713 Verba
417 2651 491 2715 ταῖς
507 2640 666 2715 Ἀττικαῖς
683 2646 803 2701 ναυσὶν
830 2644 1017 2711 deleantur.

727 2869 800 2936 VH.

279 3100 381 3164 Thilo.
404 3097 463 3164 VI,
489 3098 529 3162 57
549 3117 556 3162 ;
581 3098 638 3152 καὶ
655 3090 762 3166 εὐθυς
780 3092 1027 3171 ἀπερισκέπτως
1045 3100 1290 3174 προσπεσόντες

234 3235 291 3289 καὶ
307 3227 352 3301 ὠς
371 3227 413 3287 άν
429 3229 579 3299 μάλιστα
597 3223 636 3283 δι’
658 3223 769 3301 ὀργῆς,
787 3223 806 3284 ό
823 3227 887 3296 μὲν
904 3225 1074 3325 ἐρυτικῆς,
1093 3227 1112 3288 ό
1131 3229 1161 3288 δ’
1173 3229 1286 3308 ὑβρισ-

234 3345 347 3417 μένος,
374 3340 517 3403 ἔτυπτον
534 3345 590 3399 καὶ
609 3337 866 3400 ἀποκτείνουσιν
884 3340 999 3401 αὐτόν.
1017 3349 1074 3402 καὶ
1092 3342 1111 3404 ό
1128 3347 1192 3417 μὲν
1208 3349 1289 3420 τοὺς

235 3460 451 3536 δορυφόρους
468 3459 508 3515 τό
526 3454 647 3514 αὐτίκα
656 3459 843 3529 διαφεύγει,
856 3455 1289 3539 ὁἊριστογεὶτων,ξυνδρα-

237 3568 364 3639 μόντος
372 3570 435 3624 τοῦ
445 3564 563 3637 όχλου,
573 3569 630 3622 καὶ
639 3564 782 3640 ὕστερον
790 3560 936 3639 ληφθεὶς
953 3565 994 3625 οὐ
1006 3567 1132 3644 ῥᾳδίως
1140 3572 1289 3646 διετέθη·

230 3673 406 3753 Ἁρμόδιος
423 3673 453 3732 δ’
475 3671 582 3732 αὐτοῦ
600 3678 805 3748 παραχρῆμα
823 3671 1022 3734 άπόλλυται.

279 3792 367 3858 Male
390 3792 544 3858 abundat
566 3789 813 3872 Aristogitonis
835 3810 970 3861 nomen,

723 4019 814 4084 viii.
896 4098 901 4107 ‚

283 4235 442 4318 Sophocl.
463 4237 554 4303 Aiax
578 4254 629 4303 vs,
655 4238 740 4302 1019
760 4256 831 4320 σοι
