2970 5032
722 228 765 291 56

212 429 284 494 riae
308 431 449 494 senatus
472 429 731 510 adversabatur,
755 426 933 508 suspicans
956 423 1117 507 Pompeio
1141 441 1271 488 novam

214 566 386 647 quandam
409 565 600 648 potentiam
624 563 757 646 quaeri;
782 562 965 645 Pompeius
987 578 1068 626 vero
1092 560 1136 625 ad
1153 560 1272 625 volun·

215 706 322 767 tatem
347 702 566 785 perferendae
589 702 674 783 legis
697 701 915 782 incubuerat,
940 717 1002 780 ego
1015 703 1131 797 autern
1144 715 1272 778 magna

215 858 293 905 cum
329 841 539 921 agrariorum
575 841 687 921 gratia
719 838 962 904 confirmabam
986 836 1138 902 omnium
1160 837 1273 919 priva-

214 983 328 1044 torum
362 978 594 1060 possessiones
639 1013 670 1021 -
708 977 738 1043 is
768 977 860 1042 enim
883 979 937 1041 est
959 978 1076 1040 noster
1099 974 1274 1040 exercitus
1350 1049 1354 1055 Α

216 1117 410 1200 hominum,
434 1119 474 1180 ut
496 1119 572 1181 tute
596 1116 677 1198 scis,
701 1115 922 1196 locupletium
935 1135 991 1194 —3
1016 1112 1140 1194 populo
1153 1115 1273 1176 autem

216 1258 252 1319 et
275 1253 454 1335 Pompeio,
490 1269 571 1316 nam
600 1253 633 1316 id
658 1269 792 1333 quoque
815 1251 993 1334 volebam,
1018 1249 1273 1315 satisfaciebam

216 1390 403 1473 emptione,
427 1406 494 1469 qua
518 1389 708 1454 constituta
732 1388 910 1469 diligenter
934 1391 971 1452 et
993 1387 1163 1453 sentinam
1177 1385 1274 1451 urbis

217 1525 390 1592 exhauriri
436 1529 471 1590 et
516 1525 636 1591 Italiae
675 1524 895 1591 solitudinem
928 1524 1136 1606 frequentari
1171 1541 1274 1605 posse

216 1665 418 1729 arbitrabar.
468 1663 534 1728 Sed
569 1664 653 1728 haec
687 1667 762 1728 tota
792 1681 847 1727 res
870 1661 1089 1744 interpellata
1113 1660 1201 1726 bello
1226 1678 1274 1725 re-

220 1802 395 1868 frixerat.'’

263 1941 352 2006 Huic
377 1941 550 2023 ¹epistolae
585 1940 724 2006 Atticus
752 1941 801 2005 ita
824 1899 1039 2021 respondisse
1062 1937 1208 2021 videtur,
1233 1941 1275 2002 ut

220 2079 415 2144 Ciceronem
450 2079 666 2158 admoneret,
701 2094 744 2142 ne
779 2077 938 2160 Pompeio
974 2093 1011 2142 se
1034 2076 1135 2160 nimis
1159 2075 1274 2140 adinn-

220 2222 325 2297 geret.
373 2216 569 2298 Sequuntur
593 2216 684 2281 enim
707 2216 947 2283 excusationes
960 2215 1111 2281 eiusdem
1127 2213 1272 2296 generis

220 2358 323 2435 atque
355 2353 433 2418 illae
467 2319 565 2437 sunt,
601 2371 686 2434 quas
722 2371 826 2436 supra
861 2328 966 2418 verbo
996 2353 1120 2433 attigi:
1144 2352 1204 2434 Ep.
1228 2352 1274 2416 ad

219 2491 294 2557 Att.
319 2491 343 2556 1.
380 2492 432 2565 20.
458 2492 488 2557 2.
524 2497 599 2567 (scr.
624 2492 754 2556 Romae
778 2509 895 2557 mense
918 2491 1005 2556 Maio
1029 2508 1059 2556 a.
1085 2492 1139 2565 60)
1174 2489 1274 2575 „Fuit

219 2629 306 2694 ratio
341 2629 424 2693 mihi
457 2629 604 2695 fortasse
640 2630 682 2694 ad
707 2629 991 2710 tranquillitatem
1014 2645 1168 2693 meorum
1191 2631 1274 2692 tem-

220 2784 341 2848 porum
365 2784 432 2831 non
456 2766 603 2846 inutilis,
638 2766 697 2831 sed
721 2766 913 2830 mehercule
936 2764 1141 2846 reipublicae
1163 2764 1273 2828 multo
1360 2730 1385 2755 ’-

221 2902 326 2968 etiam
349 2902 464 2967 utilior
488 2920 591 2983 quam
615 2902 713 2984 mihi,
738 2901 865 2967 civium
876 2902 1109 2983 improborum
1124 2901 1275 2981 impetus

219 3039 255 3104 in
293 3057 347 3104 me
381 3037 542 3121 reprimi,
578 3057 656 3103 cum
691 3039 837 3104 hominis
872 3038 1083 3120 amplissima
1114 3037 1272 3120 fortuna,

220 3176 446 3259 auctoritate,
471 3175 582 3256 gratia
606 3175 830 3240 fluctuantem
854 3175 1062 3240 sententiam
1082 3174 1273 3239 confirmas-

221 3331 294 3380 sem
330 3317 365 3378 ei
400 3331 420 3377 a
454 3331 515 3395 spe
546 3313 715 3378 malorum
747 3312 790 3378 ad
824 3330 978 3378 mearum
1001 3330 1114 3377 rerum
1137 3313 1273 3377 laudem

222 3449 494 3532 convertissem,
531 3451 620 3531 quod
659 3451 688 3515 si
723 3469 800 3516 cum
823 3450 937 3530 aliqua
960 3450 1102 3515 levitate
1125 3450 1207 3514 mihi
1230 3450 1274 3514 fa·

223 3588 379 3654 ciendum
403 3588 539 3671 fuisset,
564 3588 694 3654 nullam
718 3606 791 3654 rem
813 3589 904 3653 tanti
928 3589 1190 3671 existimassem,
1214 3589 1273 3654 sed

222 3743 244 3789 a
267 3743 321 3790 me
344 3725 394 3790 ita
418 3729 499 3790 sunt
521 3730 599 3791 acta
624 3726 754 3810 omnia,
779 3743 846 3791 non
869 3730 910 3791 ut
933 3744 994 3806 ego
1018 3726 1066 3790 illi
1082 3726 1274 3791 assentiens

223 3865 340 3947 levior,
365 3863 424 3928 sed
448 3867 488 3928 ut
510 3863 566 3928 ille
590 3881 644 3928 me
668 3865 817 3946 probans
840 3864 977 3944 gravior
999 3863 1202 3929 videretur.”

267 4000 394 4066 Eadem
418 4000 493 4066 aliis
516 4001 630 4066 verbis
654 4004 876 4083 repetuntur:
900 4001 960 4083 Ep.
985 4001 1027 4066 ad
1051 4000 1177 4067 Attii.
1204 4003 1272 4081 16,
1333 4033 1338 4038 -

224 4138 284 4203 sed
320 4137 496 4203 adiicitur:
536 4138 634 4223 „quid
668 4138 697 4202 si
733 4137 837 4202 etiam
873 4138 1074 4222 Caesarem,
1108 4139 1161 4204 cui
1184 4156 1274 4202 nunc
