2970 5032
799 321 842 385 20

297 537 401 602 prope
423 521 533 601 ripam
555 519 697 584 Anienis
719 518 762 582 ad
787 518 926 583 tertium
942 516 1124 581 miliarium
1136 513 1347 580 consedisset
1455 509 1460 520 '

160 660 162 664 ’
297 673 440 736 eumque
463 660 625 738 montem,
650 654 706 735 qui
730 670 825 719 sacer
848 653 1040 735 appellatus
1063 655 1127 733 est,
1153 651 1345 732 occupavis-

297 797 360 875 set,
384 792 425 858 M.
451 792 626 857 Valerium
650 791 851 856 dictatorem
875 790 1015 854 dicendo
1037 789 1212 854 sedavisse
1224 788 1345 854 discor-

298 930 380 1012 dias,
410 929 505 1010 eique
530 930 668 995 obeam
692 945 764 992 rem
788 928 933 993 honores
956 925 1185 1032 amplissimos
1208 925 1345 991 habitos

296 1069 331 1131 et
366 1083 444 1131 eum
475 1066 623 1147 primum
647 1065 689 1130 ob
714 1082 790 1129 eam
815 1082 954 1130 causam
978 1063 1164 1128 Maximum
1189 1077 1263 1128 esse
1289 1079 1344 1143 ap·

296 1199 492 1283 pellatum.''
539 1202 583 1282 tl..
599 1201 695 1266 ratu
717 1201 856 1266 Maximi
879 1200 1027 1266 Rulliani
1051 1199 1193 1265 historia
1216 1199 1343 1265 aLivio

296 1339 362 1414 (lit.
387 1338 439 1402 lX
462 1355 534 1420 cap.
559 1338 612 1403 46.
640 1338 690 1411 15)
713 1337 859 1402 traditur
882 1336 1039 1418 idemque
1054 1355 1075 1401 a
1091 1336 1250 1401 Cicerone
1259 1336 1344 1412 (Phi-

296 1473 375 1554 lipp.
400 1474 441 1539 V.
469 1474 519 1539 17.
545 1475 598 1548 48)
623 1473 818 1539 nominatur
840 1473 929 1537 inter
953 1491 1021 1556 eos,
1038 1473 1093 1554 qui
1108 1472 1342 1537 adolescentes

295 1609 477 1676 admodum
501 1612 657 1677 consules
680 1610 761 1705 iacti
785 1617 876 1675 sunt.
903 1647 944 1656 —

342 1887 420 1966 Cap.
445 1885 486 1949 X
488 1883 636 1949 V-XX
652 1885 829 1949 continent
845 1885 997 1968 Pompeii
1009 1885 1187 1950 historiam
1200 1903 1220 1950 a
1233 1887 1343 1950 morte

294 2021 407 2087 Sullae
430 2039 537 2103 usque
560 2020 603 2085 ad
626 2020 729 2085 finem
752 2020 831 2085 belli
854 2020 996 2102 piratici.
1021 2022 1115 2116 Haec
1138 2022 1252 2086 omnia
1275 2021 1343 2086 Sal·

294 2157 417 2223 lustius
443 2160 656 2222 tractaverat
678 2157 713 2220 in
736 2156 908 2241 Historiis,
933 2158 1005 2228 eius
1028 2158 1131 2240 igitur
1147 2158 1342 2223 auctoritati

293 2293 394 2358 Peter
416 2293 548 2377 tribuit,
572 2310 659 2374 quae
674 2293 767 2374 ‚apud
780 2294 1000 2360 Plutarchum
1013 2295 1242 2361 inveniuntur.
1266 2295 1342 2359 Eas·

294 2429 371 2495 dem
405 2429 577 2498 Historias
610 2429 712 2495 Peter
747 2431 851 2495 ctiam
885 2431 920 2495 in
944 2431 1088 2497 aliorum
1111 2433 1341 2498 Romanorum

293 2566 375 2633 vitis
398 2567 572 2633 Plutarchi
594 2567 724 2633 iontem
747 2568 852 2634 fuisse
875 2572 985 2649 putat.
1032 2569 1184 2634 Sallustii
1196 2569 1341 2649 vestigia

293 2705 449 2786 agnoscit
472 2708 513 2781 (S)
537 2705 572 2769 in
595 2708 671 2770 tota
695 2704 834 2769 Sertorii
857 2706 940 2788 vita,
964 2705 998 2768 in
1021 2704 1152 2770 Luculli
1167 2706 1339 2786 vitalCap.
1376 2734 1380 2739 ·

292 2840 568 2924 Vl—XXXVH,
605 2840 646 2905 de
678 2840 767 2906 bello
801 2839 1051 2926 Mithridatico),
1074 2842 1109 2906 in
1134 2842 1246 2908 Crassi
1269 2842 1341 2907 vita

293 2978 384 3060 (Cap.
420 2977 537 3042 Vlll-
546 2977 608 3061 XI,
643 2976 684 3042 de
717 2977 805 3042 bello
836 2977 962 3054 servili)
987 2983 1022 3044 et
1044 2978 1080 3043 in
1103 2980 1167 3045 hac
1191 2979 1341 3063 Pompeii

292 3115 383 3180 vitae
406 3119 514 3196 parte.
546 3113 666 3194 Itaque
690 3130 708 3178 e
730 3113 843 3179 Peteri
866 3116 1037 3180 sententia
1061 3116 1264 3182 Plutarchus
1288 3134 1341 3182 no·

196 3288 199 3293 ,
293 3252 345 3317 bis
379 3253 504 3316 bonam
534 3253 667 3332 partem
690 3249 919 3317 Historiarum
943 3254 1143 3319 servaverit.
1189 3254 1266 3320 Una
1289 3270 1343 3319 res

292 3391 408 3452 tamen
444 3387 691 3453 dubitationem
724 3391 862 3454 movet:
898 3391 1035 3454 constat
1057 3388 1280 3456 Plutarchum
1303 3408 1342 3456 ea

295 3522 446 3588 Sallustii
471 3523 608 3607 scripta,
632 3541 719 3605 quae
742 3524 853 3590 adhuc
875 3525 1008 3605 integra
1027 3525 1342 3611 habemusnonin-

297 3660 462 3742 spexisse,
501 3676 610 3741 neque
633 3660 839 3742 iugurtham
861 3661 895 3725 in
922 3661 1040 3727 Sullae
1066 3667 1127 3728 aut
1150 3663 1247 3729 Marii
1270 3665 1341 3730 vita

294 3813 403 3876 neque
439 3796 619 3861 Catilinam
652 3797 685 3861 in
721 3797 794 3862 vita
827 3797 1005 3863 Ciceronis.
1030 3801 1072 3874 (i)
1095 3797 1218 3880 Magna
1241 3799 1343 3880 igitur

331 3993 368 4066 (ξ)
387 3994 418 4048 Η.
436 3993 516 4048 Peter·
534 3994 647 4059 Quellen
667 3995 809 4049 Plutarchs
827 4001 876 4049 etc.
898 4012 957 4066 pag.
977 3994 1020 4065 61,
1038 3994 1101 4066 loe,
1122 3995 1184 4066 loe,
1202 3996 1263 4050 lit.

200 4150 203 4155 >
329 4115 454 4186 Symbola
471 4094 667 4186 philologorurn
688 4115 871 4169 Bonnensium
890 4132 949 4186 pag.
970 4114 1031 4170 445.

329 4232 372 4306 (rs)
390 4205 470 4288 parer·
486 4251 544 4304 pag.
563 4232 626 4302 ror,
649 4232 712 4288 rar.
