2970 5032
765 334 786 398 8

246 537 438 618 singulares
472 554 541 601 non
572 534 832 617 suppeditarent
855 535 918 598 aut
940 549 981 598 ea
1005 531 1193 612 traderent,
1217 548 1304 612 quae

248 675 362 740 minus
396 672 585 756 probabilia
619 675 745 738 essent.
791 670 884 737 Intra
917 669 994 736 illas
1019 669 1237 751 quaestiones
1261 670 1301 734 de

246 766 414 877 lontibus¹
435 810 540 875 etiam
563 809 744 891 attingam,
768 824 859 873 nuno
882 806 924 872 de
947 806 1120 873 nonnullis
1143 805 1226 872 locis
1249 807 1303 871 ho·

247 965 325 1014 rum
348 947 501 1029 capitum
524 946 711 1014 videndum
735 949 798 1011 est.

296 1246 374 1327 Odp.
399 1244 448 1309 Π.
473 1244 531 1301 Διὸ
549 1247 607 1300 καὶ
625 1241 766 1311 Αεύκιος
786 1242 953 1311 Φίλιππος
968 1236 1052 1314 ἀνὴρ
1061 1235 1222 1310 ὑπατικὸς
1230 1252 1305 1296 συν-

248 1368 383 1450 ηγορὶὑν
410 1376 469 1447 (τῷ
506 1371 685 1444 Πομπηίῳ)
710 1369 816 1440 μηδὲν
839 1363 903 1440 ἔφη
927 1373 1036 1424 ποιεῖν
1052 1356 1257 1442 παρᾶλογον,
1276 1367 1306 1425 εἰ

253 1498 419 1565 Φίλιππος
435 1490 484 1552 ὢν
502 1489 770 1564 φιλαλέξανδρός
787 1485 889 1547 ἐστιν.
912 1490 1025 1556 Huius
1047 1490 1084 1556 L,
1101 1490 1217 1555 Marcii
1233 1491 1306 1555 Phi-

249 1631 332 1712 lippi
358 1628 549 1694 dicacitatis
562 1627 668 1693 etiarn
680 1626 900 1692 notissimum
912 1626 1109 1709 exemplum
1124 1630 1179 1693 est
1193 1628 1306 1710 „Porn-

251 1769 367 1852 peium
390 1769 509 1832 contra
533 1764 724 1830 Sertorium
747 1782 816 1830 non
838 1782 900 1846 pro
924 1763 1063 1830 consule
1084 1765 1144 1830 sed
1156 1782 1217 1847 pro
1234 1782 1307 1831 oon·

250 1905 395 1973 sulibus-
418 1903 510 1969 mitti
544 1896 736 1984 oportere.'’
773 1901 814 1968 ci.
839 1902 929 1968 Plut.
953 1903 1072 1984 Pomp.
1097 1920 1171 1984 cap.
1195 1902 1306 1983 XVII,

252 2043 310 2108 Cic
336 2059 396 2124 pro
420 2040 495 2122 lege
518 2040 606 2106 Man.
633 2041 686 2105 21.
711 2041 763 2106 62.
789 2043 825 2105 et
847 2039 993 2122 Philipp.
1017 2039 1078 2105 XI.
1103 2041 1134 2106 8.
1160 2041 1210 2106 18.
1235 2040 1307 2122 Quo

251 2179 374 2244 iudicio
413 2177 566 2258 Pompeii
601 2179 767 2257 patronus
796 2175 909 2258 fuerit,
933 2176 1048 2242 Cicero
1071 2176 1187 2243 tradit.
1211 2178 1307 2243 Brut.

252 2318 308 2381 64.
334 2316 419 2380 230:
447 2312 673 2399 „Hortensius
697 2330 775 2378 curu
797 2312 953 2395 Philippo
977 2313 1047 2378 iarn
1069 2331 1151 2380 sene
1174 2332 1235 2396 pro
1249 2314 1308 2381 On.

159 2412 164 2421 Ι
254 2450 409 2532 Pompeii
432 2449 531 2515 bonis
554 2449 670 2514 dicens
693 2442 727 2513 in
750 2449 809 2514 illa
833 2466 938 2515 causa
957 2449 1155 2517 adolescens
1168 2469 1245 2516 curn
1261 2470 1307 2518 es-

252 2593 318 2672 set,
343 2588 501 2670 princeps
522 2586 597 2651 luit.
623 2586 663 2652 cf.
690 2587 771 2668 Cap.
796 2585 844 2652 IV
870 2587 912 2653 de
923 2588 1022 2654 bonis
1034 2588 1217 2655 Asculanis
1229 2590 1308 2655 iudi-

254 2727 358 2792 cium.
389 2761 419 2770 —

291 2857 478 2932 Δημήτριος
494 2853 514 2914 ὁ
532 2851 767 2931 ἀπελεύθερός
783 2860 942 2914 πλεῖστον
959 2856 1101 2930 ἰσχύσας
1116 2860 1208 2935 παρὰ
1218 2866 1310 2932 Πομ-

255 2983 425 3055 πηίῳ...
449 2979 551 3044 Anno
575 2980 618 3044 55
643 2979 758 3044 Cicero
782 2979 825 3043 ad
838 2979 996 3045 Atticum
1008 2981 1165 3062 scripsit:
1181 2982 1311 3067 „Delec-

257 3118 378 3180 tarunt
400 3133 456 3181 me
481 3115 646 3198 epistolae
662 3119 744 3182 tuae
758 3164 765 3181 .
780 3165 788 3182 .
803 3165 810 3182 .
825 3133 928 3198 perge
944 3116 1091 3198 reliqua:
1105 3119 1214 3199 gestio
1226 3121 1311 3185 scire

256 3252 326 3319 ista
346 3253 470 3319 omnia.
495 3253 599 3318 etiam
615 3252 699 3318 illud
715 3253 904 3354 cuiusmodi
921 3253 976 3339 sit,
993 3255 1097 3320 velim
1109 3257 1311 3339 perspicias3

258 3394 358 3472 potes
382 3408 403 3456 a
425 3386 631 3456 Demetrio.”
655 3390 710 3467 (ad
733 3390 809 3456 Ait.
832 3391 891 3458 IV.
908 3392 958 3458 11.
981 3393 1022 3467 1.)
1045 3393 1242 3460 Etiamtum
1254 3395 1313 3460 De-

259 3527 404 3593 metrius
438 3527 543 3608 igitur
576 3527 812 3594 internuncius
846 3527 912 3594 fuit
941 3529 1031 3595 inter
1054 3530 1254 3613 Pompeium
1279 3537 1313 3599 et

260 3664 428 3730 Atticum.
475 3663 648 3745 Quantum
683 3665 752 3730 iarn
780 3668 861 3730 ante
885 3682 1014 3731 annum
1038 3667 1078 3731 61
1105 3668 1196 3750 apud
1219 3669 1314 3735 Pom·

260 3801 377 3883 peium
400 3800 557 3884 valuerit,
581 3801 787 3867 Plutarchus
810 3805 939 3884 narrat,
964 3801 1044 3884 Cap.
1068 3803 1130 3868 XL
1155 3804 1195 3870 ci.
1224 3805 1313 3872 Plut.

263 3937 348 4004 Cato
371 3938 450 4004 Min.
475 3955 547 4020 cap.
572 3938 666 4005 ΧΠΙ.

312 4237 391 4318 Gap,
422 4235 457 4302 V.
482 4232 573 4292 οὕτω
590 4236 628 4293 δὲ
644 4239 708 4293 τοῦ
723 4238 828 4295 Κίννα
836 4235 1098 4309 τελευτήσαντος
1107 4234 1245 4311 ἐδέξατο
1254 4240 1318 4310 μὲν
