<?xml version="1.0" encoding="UTF-8"?>
<!DOCTYPE html PUBLIC "-//W3C//DTD XHTML 1.0 Transitional//EN"
    "http://www.w3.org/TR/xhtml1/DTD/xhtml1-transitional.dtd">
<html xmlns="http://www.w3.org/1999/xhtml" xml:lang="en" lang="en">
 <head>
  <title>
</title>
<meta http-equiv="Content-Type" content="text/html;charset=utf-8" />
  <meta name='ocr-system' content='tesseract 3.04.00' />
  <meta name='ocr-capabilities' content='ocr_page ocr_carea ocr_par ocr_line ocrx_word'/>
</head>
<body>
  <div class='ocr_page' id='page_1' title='image "./plutarchivitapo00bruigoog_0031.png"; bbox 0 0 2970 5032; ppageno 0'>
   <div class='ocr_carea' id='block_1_1' title="bbox 722 317 761 381">
    <p class='ocr_par' dir='ltr' id='par_1_1' title="bbox 722 317 761 381">
     <span class='ocr_line' id='line_1_1' title="bbox 722 317 761 381; baseline -0.026 0"><span class='ocrx_word' id='word_1_1' title='bbox 722 317 761 381; x_wconf 89' lang='lat'>18</span> 
     </span>
    </p>
   </div>
   <div class='ocr_carea' id='block_1_2' title="bbox 212 511 1260 1555">
    <p class='ocr_par' dir='ltr' id='par_1_2' title="bbox 212 511 1260 1555">
     <span class='ocr_line' id='line_1_2' title="bbox 212 511 1259 597; baseline -0.005 -17"><span class='ocrx_word' id='word_1_2' title='bbox 212 515 396 597; x_wconf 75' lang='lat' dir='ltr'>prudenter</span> <span class='ocrx_word' id='word_1_3' title='bbox 431 518 466 580; x_wconf 87' lang='lat' dir='ltr'>et</span> <span class='ocrx_word' id='word_1_4' title='bbox 496 514 644 579; x_wconf 87' lang='lat' dir='ltr'>humane</span> <span class='ocrx_word' id='word_1_5' title='bbox 668 513 800 579; x_wconf 78' lang='lat' dir='ltr'>Siciliae</span> <span class='ocrx_word' id='word_1_6' title='bbox 822 531 877 579; x_wconf 88' lang='lat' dir='ltr'>res</span> <span class='ocrx_word' id='word_1_7' title='bbox 900 512 1202 578; x_wconf 85' lang='lat' dir='ltr'>administravisse.</span> <span class='ocrx_word' id='word_1_8' title='bbox 1226 511 1259 575; x_wconf 83' lang='lat' dir='ltr'><strong>A</strong></span> 
     </span>
     <span class='ocr_line' id='line_1_3' title="bbox 214 649 1257 732; baseline -0.001 -17"><span class='ocrx_word' id='word_1_9' title='bbox 214 650 373 716; x_wconf 80' lang='lat' dir='ltr'>Cicerone</span> <span class='ocrx_word' id='word_1_10' title='bbox 393 650 492 716; x_wconf 90' lang='lat' dir='ltr'>Verri</span> <span class='ocrx_word' id='word_1_11' title='bbox 516 650 698 732; x_wconf 87' lang='lat' dir='ltr'>opponitur</span> <span class='ocrx_word' id='word_1_12' title='bbox 721 650 899 731; x_wconf 87' lang='lat' dir='ltr'>locumque</span> <span class='ocrx_word' id='word_1_13' title='bbox 922 649 1055 715; x_wconf 87' lang='lat' dir='ltr'>obtinet</span> <span class='ocrx_word' id='word_1_14' title='bbox 1076 649 1165 714; x_wconf 87' lang='lat' dir='ltr'>inter</span> <span class='ocrx_word' id='word_1_15' title='bbox 1189 666 1257 731; x_wconf 87' lang='lat' dir='ltr'>eos,</span> 
     </span>
     <span class='ocr_line' id='line_1_4' title="bbox 215 785 1259 872; baseline -0.002 -20"><span class='ocrx_word' id='word_1_16' title='bbox 215 787 350 872; x_wconf 86' lang='lat' dir='ltr'>„quiin</span> <span class='ocrx_word' id='word_1_17' title='bbox 374 786 432 852; x_wconf 89' lang='lat' dir='ltr'>illa</span> <span class='ocrx_word' id='word_1_18' title='bbox 454 786 630 869; x_wconf 89' lang='lat' dir='ltr'>provincia</span> <span class='ocrx_word' id='word_1_19' title='bbox 652 787 695 851; x_wconf 88' lang='lat' dir='ltr'>ab</span> <span class='ocrx_word' id='word_1_20' title='bbox 720 787 902 871; x_wconf 86' lang='lat' dir='ltr'>aequitate,</span> <span class='ocrx_word' id='word_1_21' title='bbox 927 787 970 851; x_wconf 89' lang='lat' dir='ltr'>ab</span> <span class='ocrx_word' id='word_1_22' title='bbox 993 786 1077 868; x_wconf 85' lang='lat' dir='ltr'>lege,</span> <span class='ocrx_word' id='word_1_23' title='bbox 1102 787 1145 851; x_wconf 88' lang='lat' dir='ltr'>ab</span> <span class='ocrx_word' id='word_1_24' title='bbox 1169 785 1259 851; x_wconf 88' lang='lat' dir='ltr'>insti-</span> 
     </span>
     <span class='ocr_line' id='line_1_5' title="bbox 212 920 1260 1007; baseline -0.003 -18"><span class='ocrx_word' id='word_1_25' title='bbox 212 925 298 991; x_wconf 89' lang='lat' dir='ltr'>tutis</span> <span class='ocrx_word' id='word_1_26' title='bbox 307 941 376 990; x_wconf 90' lang='lat' dir='ltr'>non</span> <span class='ocrx_word' id='word_1_27' title='bbox 384 925 631 989; x_wconf 86' lang='lat' dir='ltr'>recesserunt.”</span> <span class='ocrx_word' id='word_1_28' title='bbox 658 923 897 1007; x_wconf 87' lang='lat' dir='ltr'>„Necessarius</span> <span class='ocrx_word' id='word_1_29' title='bbox 909 927 963 989; x_wconf 87' lang='lat' dir='ltr'>est</span> <span class='ocrx_word' id='word_1_30' title='bbox 971 920 1123 988; x_wconf 84' lang='lat' dir='ltr'>Siciliae&#39;&#39;</span> <span class='ocrx_word' id='word_1_31' title='bbox 1138 940 1260 1007; x_wconf 87' lang='lat' dir='ltr'>„quam</span> 
     </span>
     <span class='ocr_line' id='line_1_6' title="bbox 212 1060 1259 1142; baseline -0.005 -15"><span class='ocrx_word' id='word_1_32' title='bbox 212 1062 331 1127; x_wconf 93' lang='lat' dir='ltr'>multis</span> <span class='ocrx_word' id='word_1_33' title='bbox 354 1061 501 1126; x_wconf 86' lang='lat' dir='ltr'>cinctam</span> <span class='ocrx_word' id='word_1_34' title='bbox 525 1060 673 1141; x_wconf 87' lang='lat' dir='ltr'>undique</span> <span class='ocrx_word' id='word_1_35' title='bbox 696 1060 854 1142; x_wconf 88' lang='lat' dir='ltr'>periculis</span> <span class='ocrx_word' id='word_1_36' title='bbox 877 1079 945 1126; x_wconf 89' lang='lat' dir='ltr'>non</span> <span class='ocrx_word' id='word_1_37' title='bbox 967 1063 1098 1127; x_wconf 84' lang='lat' dir='ltr'>terrore</span> <span class='ocrx_word' id='word_1_38' title='bbox 1109 1060 1188 1125; x_wconf 89' lang='lat' dir='ltr'>belli</span> <span class='ocrx_word' id='word_1_39' title='bbox 1200 1060 1259 1124; x_wconf 85' lang='lat' dir='ltr'>sed</span> 
     </span>
     <span class='ocr_line' id='line_1_7' title="bbox 213 1197 1259 1279; baseline -0.002 -15"><span class='ocrx_word' id='word_1_40' title='bbox 213 1198 344 1264; x_wconf 90' lang='lat' dir='ltr'>consilii</span> <span class='ocrx_word' id='word_1_41' title='bbox 378 1198 552 1263; x_wconf 85' lang='lat' dir='ltr'>celeritate</span> <span class='ocrx_word' id='word_1_42' title='bbox 586 1197 802 1279; x_wconf 83' lang='lat' dir='ltr'>explicavit.&#39;’</span> <span class='ocrx_word' id='word_1_43' title='bbox 829 1201 870 1274; x_wconf 65' lang='grc' dir='ltr'>(ὅ)</span> <span class='ocrx_word' id='word_1_44' title='bbox 893 1197 1005 1263; x_wconf 89' lang='lat' dir='ltr'>Huius</span> <span class='ocrx_word' id='word_1_45' title='bbox 1028 1197 1169 1279; x_wconf 87' lang='lat' dir='ltr'>imperii,</span> <span class='ocrx_word' id='word_1_46' title='bbox 1194 1214 1259 1279; x_wconf 91' lang='lat' dir='ltr'>quo</span> 
     </span>
     <span class='ocr_line' id='line_1_8' title="bbox 213 1332 1259 1419; baseline -0.002 -20"><span class='ocrx_word' id='word_1_47' title='bbox 213 1335 395 1416; x_wconf 91' lang='lat' dir='ltr'>Pompeius</span> <span class='ocrx_word' id='word_1_48' title='bbox 418 1334 452 1398; x_wconf 91' lang='lat' dir='ltr'>in</span> <span class='ocrx_word' id='word_1_49' title='bbox 476 1332 589 1399; x_wconf 85' lang='lat' dir='ltr'>Sicilia</span> <span class='ocrx_word' id='word_1_50' title='bbox 611 1333 748 1400; x_wconf 80' lang='lat' dir='ltr'>functus</span> <span class='ocrx_word' id='word_1_51' title='bbox 772 1338 836 1419; x_wconf 82' lang='lat' dir='ltr'>est,</span> <span class='ocrx_word' id='word_1_52' title='bbox 859 1338 968 1400; x_wconf 84' lang='lat' dir='ltr'>testes</span> <span class='ocrx_word' id='word_1_53' title='bbox 991 1332 1132 1400; x_wconf 87' lang='lat' dir='ltr'>suntilli</span> <span class='ocrx_word' id='word_1_54' title='bbox 1147 1333 1259 1415; x_wconf 82' lang='lat' dir='ltr'>Siculi,</span> 
     </span>
     <span class='ocr_line' id='line_1_9' title="bbox 214 1471 1260 1555; baseline -0.004 -16"><span class='ocrx_word' id='word_1_55' title='bbox 214 1487 299 1555; x_wconf 91' lang='lat' dir='ltr'>quos</span> <span class='ocrx_word' id='word_1_56' title='bbox 322 1473 462 1537; x_wconf 85' lang='lat' dir='ltr'>civitate</span> <span class='ocrx_word' id='word_1_57' title='bbox 485 1472 636 1538; x_wconf 83' lang='lat' dir='ltr'>donavit.</span> <span class='ocrx_word' id='word_1_58' title='bbox 682 1471 843 1538; x_wconf 84' lang='lat' dir='ltr'>Nonnulli</span> <span class='ocrx_word' id='word_1_59' title='bbox 867 1489 984 1538; x_wconf 85' lang='lat' dir='ltr'>eorum</span> <span class='ocrx_word' id='word_1_60' title='bbox 1003 1472 1260 1538; x_wconf 81' lang='lat' dir='ltr'>aCrceroneno·</span> 
     </span>
    </p>
   </div>
   <div class='ocr_carea' id='block_1_3' title="bbox 213 1608 1260 1693">
    <p class='ocr_par' dir='ltr' id='par_1_3' title="bbox 213 1608 1260 1693">
     <span class='ocr_line' id='line_1_10' title="bbox 213 1608 1260 1693; baseline -0.002 -20"><span class='ocrx_word' id='word_1_61' title='bbox 213 1609 408 1674; x_wconf 86' lang='lat' dir='ltr'>minantur:</span> <span class='ocrx_word' id='word_1_62' title='bbox 444 1609 502 1674; x_wconf 83' lang='lat' dir='ltr'>On.</span> <span class='ocrx_word' id='word_1_63' title='bbox 538 1609 720 1691; x_wconf 85' lang='lat' dir='ltr'>Pompeius</span> <span class='ocrx_word' id='word_1_64' title='bbox 755 1609 960 1693; x_wconf 85' lang='lat' dir='ltr'>Theodorus,</span> <span class='ocrx_word' id='word_1_65' title='bbox 997 1609 1055 1674; x_wconf 86' lang='lat' dir='ltr'>Cn.</span> <span class='ocrx_word' id='word_1_66' title='bbox 1079 1608 1260 1690; x_wconf 87' lang='lat' dir='ltr'>Pompeius</span> 
     </span>
    </p>
   </div>
   <div class='ocr_carea' id='block_1_4' title="bbox 213 1744 1262 1975">
    <p class='ocr_par' dir='ltr' id='par_1_4' title="bbox 213 1744 1262 1975">
     <span class='ocr_line' id='line_1_11' title="bbox 213 1744 1262 1830; baseline -0.002 -20"><span class='ocrx_word' id='word_1_67' title='bbox 213 1745 407 1830; x_wconf 81' lang='lat' dir='ltr'>Basiliscus,</span> <span class='ocrx_word' id='word_1_68' title='bbox 448 1746 506 1812; x_wconf 86' lang='lat' dir='ltr'>Cn.</span> <span class='ocrx_word' id='word_1_69' title='bbox 538 1746 720 1828; x_wconf 87' lang='lat' dir='ltr'>Pompeius</span> <span class='ocrx_word' id='word_1_70' title='bbox 742 1746 849 1830; x_wconf 87' lang='lat' dir='ltr'>Philo,</span> <span class='ocrx_word' id='word_1_71' title='bbox 874 1746 931 1828; x_wconf 87' lang='lat' dir='ltr'>qui</span> <span class='ocrx_word' id='word_1_72' title='bbox 953 1745 1155 1811; x_wconf 88' lang='lat' dir='ltr'>nominatim</span> <span class='ocrx_word' id='word_1_73' title='bbox 1178 1744 1262 1808; x_wconf 84' lang='lat' dir='ltr'>civis</span> 
     </span>
     <span class='ocr_line' id='line_1_12' title="bbox 213 1884 631 1975; baseline 0 -27"><span class='ocrx_word' id='word_1_74' title='bbox 213 1884 389 1975; x_wconf 87' lang='lat' dir='ltr'>Romanus</span> <span class='ocrx_word' id='word_1_75' title='bbox 411 1887 564 1949; x_wconf 87' lang='lat' dir='ltr'>vocatur.</span> <span class='ocrx_word' id='word_1_76' title='bbox 589 1887 631 1960; x_wconf 66' lang='lat' dir='ltr'>(lt</span> 
     </span>
    </p>
   </div>
   <div class='ocr_carea' id='block_1_5' title="bbox 214 2156 1264 3744">
    <p class='ocr_par' dir='ltr' id='par_1_5' title="bbox 214 2156 1264 3469">
     <span class='ocr_line' id='line_1_13' title="bbox 258 2156 1261 2238; baseline -0.001 -15"><span class='ocrx_word' id='word_1_77' title='bbox 258 2158 410 2238; x_wconf 76' lang='lat' dir='ltr'>Quatuor</span> <span class='ocrx_word' id='word_1_78' title='bbox 432 2156 647 2238; x_wconf 82' lang='lat' dir='ltr'>sequentium</span> <span class='ocrx_word' id='word_1_79' title='bbox 659 2157 811 2238; x_wconf 86' lang='lat' dir='ltr'>capitum</span> <span class='ocrx_word' id='word_1_80' title='bbox 823 2156 1010 2232; x_wconf 87' lang='lat' dir='ltr'>(XI—XV)</span> <span class='ocrx_word' id='word_1_81' title='bbox 1022 2160 1261 2238; x_wconf 72' lang='lat' dir='ltr'>argumentum</span> 
     </span>
     <span class='ocr_line' id='line_1_14' title="bbox 215 2292 1260 2376; baseline 0.001 -17"><span class='ocrx_word' id='word_1_82' title='bbox 215 2295 365 2360; x_wconf 83' lang='lat' dir='ltr'>breviter</span> <span class='ocrx_word' id='word_1_83' title='bbox 388 2293 581 2359; x_wconf 84' lang='lat' dir='ltr'>continetur</span> <span class='ocrx_word' id='word_1_84' title='bbox 604 2293 657 2358; x_wconf 91' lang='lat' dir='ltr'>his</span> <span class='ocrx_word' id='word_1_85' title='bbox 682 2292 851 2358; x_wconf 86' lang='lat' dir='ltr'>Ciceronis</span> <span class='ocrx_word' id='word_1_86' title='bbox 863 2293 978 2358; x_wconf 84' lang='lat' dir='ltr'>verbis</span> <span class='ocrx_word' id='word_1_87' title='bbox 992 2313 998 2358; x_wconf 95' lang='lat'><strong>:</strong></span> <span class='ocrx_word' id='word_1_88' title='bbox 1012 2311 1073 2376; x_wconf 89' lang='lat' dir='ltr'>pro</span> <span class='ocrx_word' id='word_1_89' title='bbox 1086 2294 1159 2375; x_wconf 85' lang='lat' dir='ltr'>lege</span> <span class='ocrx_word' id='word_1_90' title='bbox 1172 2294 1260 2360; x_wconf 88' lang='lat' dir='ltr'>Man.</span> 
     </span>
     <span class='ocr_line' id='line_1_15' title="bbox 216 2429 1262 2516; baseline 0.002 -21"><span class='ocrx_word' id='word_1_91' title='bbox 216 2432 269 2497; x_wconf 82' lang='grc'>21.</span> <span class='ocrx_word' id='word_1_92' title='bbox 305 2432 358 2497; x_wconf 88' lang='grc'>61.</span> <span class='ocrx_word' id='word_1_93' title='bbox 385 2430 608 2516; x_wconf 86' lang='lat' dir='ltr'>„(Pompeius)</span> <span class='ocrx_word' id='word_1_94' title='bbox 631 2429 758 2496; x_wconf 90' lang='lat' dir='ltr'>bellum</span> <span class='ocrx_word' id='word_1_95' title='bbox 781 2431 816 2495; x_wconf 91' lang='lat' dir='ltr'>in</span> <span class='ocrx_word' id='word_1_96' title='bbox 838 2430 955 2495; x_wconf 87' lang='lat' dir='ltr'>Africa</span> <span class='ocrx_word' id='word_1_97' title='bbox 977 2432 1166 2497; x_wconf 85' lang='lat' dir='ltr'>maximum</span> <span class='ocrx_word' id='word_1_98' title='bbox 1189 2450 1262 2497; x_wconf 86' lang='lat' dir='ltr'>con-</span> 
     </span>
     <span class='ocr_line' id='line_1_16' title="bbox 214 2555 1262 2651; baseline -0.001 -19"><span class='ocrx_word' id='word_1_99' title='bbox 214 2568 304 2651; x_wconf 82' lang='lat' dir='ltr'>iecit,</span> <span class='ocrx_word' id='word_1_100' title='bbox 339 2568 503 2634; x_wconf 88' lang='lat' dir='ltr'>victorem</span> <span class='ocrx_word' id='word_1_101' title='bbox 538 2567 727 2633; x_wconf 82' lang='lat' dir='ltr'>exercitum</span> <span class='ocrx_word' id='word_1_102' title='bbox 751 2555 956 2650; x_wconf 72' lang='lat' dir='ltr'>deportavit,</span> <span class='ocrx_word' id='word_1_103' title='bbox 980 2567 1061 2649; x_wconf 89' lang='lat' dir='ltr'>quid</span> <span class='ocrx_word' id='word_1_104' title='bbox 1083 2585 1164 2633; x_wconf 89' lang='lat' dir='ltr'>vero</span> <span class='ocrx_word' id='word_1_105' title='bbox 1187 2573 1262 2632; x_wconf 89' lang='lat' dir='ltr'>tam</span> 
     </span>
     <span class='ocr_line' id='line_1_17' title="bbox 214 2704 1263 2785; baseline -0.003 -16"><span class='ocrx_word' id='word_1_106' title='bbox 214 2705 405 2769; x_wconf 87' lang='lat' dir='ltr'>inauditum</span> <span class='ocrx_word' id='word_1_107' title='bbox 439 2721 541 2784; x_wconf 90' lang='lat' dir='ltr'>quam</span> <span class='ocrx_word' id='word_1_108' title='bbox 576 2704 725 2785; x_wconf 77' lang='lat' dir='ltr'>equitem</span> <span class='ocrx_word' id='word_1_109' title='bbox 748 2704 941 2768; x_wconf 86' lang='lat' dir='ltr'>Romanum</span> <span class='ocrx_word' id='word_1_110' title='bbox 963 2704 1203 2785; x_wconf 85' lang='lat' dir='ltr'>triumphare?</span> <span class='ocrx_word' id='word_1_111' title='bbox 1226 2706 1263 2767; x_wconf 92' lang='lat' dir='ltr'>at</span> 
     </span>
     <span class='ocr_line' id='line_1_18' title="bbox 214 2835 1261 2922; baseline -0.002 -16"><span class='ocrx_word' id='word_1_112' title='bbox 214 2859 291 2906; x_wconf 90' lang='lat' dir='ltr'>eam</span> <span class='ocrx_word' id='word_1_113' title='bbox 324 2858 457 2922; x_wconf 88' lang='lat' dir='ltr'>quoque</span> <span class='ocrx_word' id='word_1_114' title='bbox 486 2857 557 2904; x_wconf 87' lang='lat' dir='ltr'>rem</span> <span class='ocrx_word' id='word_1_115' title='bbox 581 2838 727 2921; x_wconf 82' lang='lat' dir='ltr'>populus</span> <span class='ocrx_word' id='word_1_116' title='bbox 750 2840 927 2904; x_wconf 86' lang='lat' dir='ltr'>Romanus</span> <span class='ocrx_word' id='word_1_117' title='bbox 951 2835 1018 2905; x_wconf 82' lang='lat' dir='ltr'>nori</span> <span class='ocrx_word' id='word_1_118' title='bbox 1041 2840 1141 2905; x_wconf 87' lang='lat' dir='ltr'>modo</span> <span class='ocrx_word' id='word_1_119' title='bbox 1165 2839 1261 2922; x_wconf 84' lang='lat' dir='ltr'>vidit,</span> 
     </span>
     <span class='ocr_line' id='line_1_19' title="bbox 215 2975 1263 3044; baseline -0.004 -1"><span class='ocrx_word' id='word_1_120' title='bbox 215 2978 276 3044; x_wconf 88' lang='lat' dir='ltr'>sed</span> <span class='ocrx_word' id='word_1_121' title='bbox 298 2977 450 3042; x_wconf 92' lang='lat' dir='ltr'>omnium</span> <span class='ocrx_word' id='word_1_122' title='bbox 474 2976 578 3041; x_wconf 90' lang='lat' dir='ltr'>etiam</span> <span class='ocrx_word' id='word_1_123' title='bbox 601 2976 713 3041; x_wconf 88' lang='lat' dir='ltr'>studio</span> <span class='ocrx_word' id='word_1_124' title='bbox 725 2975 902 3041; x_wconf 88' lang='lat' dir='ltr'>visendam</span> <span class='ocrx_word' id='word_1_125' title='bbox 915 2979 948 3041; x_wconf 88' lang='lat' dir='ltr'>et</span> <span class='ocrx_word' id='word_1_126' title='bbox 962 2976 1263 3042; x_wconf 86' lang='lat' dir='ltr'>concelebrandam</span> 
     </span>
     <span class='ocr_line' id='line_1_20' title="bbox 216 3086 1263 3196; baseline -0.004 -17"><span class='ocrx_word' id='word_1_127' title='bbox 216 3109 385 3196; x_wconf 79' lang='lat' dir='ltr'>putavir.’‘</span> <span class='ocrx_word' id='word_1_128' title='bbox 410 3112 450 3177; x_wconf 76' lang='lat' dir='ltr'>cf.</span> <span class='ocrx_word' id='word_1_129' title='bbox 479 3112 528 3176; x_wconf 89' lang='lat' dir='ltr'>rr.</span> <span class='ocrx_word' id='word_1_130' title='bbox 554 3113 606 3177; x_wconf 87' lang='lat'>30.</span> <span class='ocrx_word' id='word_1_131' title='bbox 633 3112 753 3194; x_wconf 75' lang='lat' dir='ltr'>„cesos</span> <span class='ocrx_word' id='word_1_132' title='bbox 777 3112 939 3194; x_wconf 82' lang='lat' dir='ltr'>(Pompeii</span> <span class='ocrx_word' id='word_1_133' title='bbox 962 3112 1112 3187; x_wconf 73' lang='lat' dir='ltr'>virtutis)</span> <span class='ocrx_word' id='word_1_134' title='bbox 1137 3086 1190 3177; x_wconf 78' lang='lat' dir='ltr'>e&#39;st</span> <span class='ocrx_word' id='word_1_135' title='bbox 1208 3111 1263 3175; x_wconf 77' lang='lat' dir='ltr'>nf-</span> 
     </span>
     <span class='ocr_line' id='line_1_21' title="bbox 216 3226 1264 3334; baseline -0.004 -18"><span class='ocrx_word' id='word_1_136' title='bbox 216 3252 295 3334; x_wconf 86' lang='lat' dir='ltr'>rica,</span> <span class='ocrx_word' id='word_1_137' title='bbox 327 3268 413 3331; x_wconf 91' lang='lat' dir='ltr'>quae</span> <span class='ocrx_word' id='word_1_138' title='bbox 436 3250 570 3330; x_wconf 87' lang='lat' dir='ltr'>magnis</span> <span class='ocrx_word' id='word_1_139' title='bbox 593 3266 757 3331; x_wconf 86' lang='lat' dir='ltr'>oppressa</span> <span class='ocrx_word' id='word_1_140' title='bbox 779 3249 930 3314; x_wconf 84' lang='lat' dir='ltr'>hostium</span> <span class='ocrx_word' id='word_1_141' title='bbox 953 3249 1058 3330; x_wconf 88' lang='lat' dir='ltr'>copiis</span> <span class='ocrx_word' id='word_1_142' title='bbox 1081 3226 1198 3314; x_wconf 83' lang='lat' dir='ltr'>eorum</span> <span class='ocrx_word' id='word_1_143' title='bbox 1219 3250 1264 3330; x_wconf 87' lang='lat' dir='ltr'>ip·</span> 
     </span>
     <span class='ocr_line' id='line_1_22' title="bbox 217 3386 779 3469; baseline 0 -17"><span class='ocrx_word' id='word_1_144' title='bbox 217 3406 333 3454; x_wconf 89' lang='lat' dir='ltr'>sorum</span> <span class='ocrx_word' id='word_1_145' title='bbox 357 3387 521 3469; x_wconf 85' lang='lat' dir='ltr'>sanguine</span> <span class='ocrx_word' id='word_1_146' title='bbox 543 3386 779 3452; x_wconf 82' lang='lat' dir='ltr'>redundavit.”</span> 
     </span>
    </p>

    <p class='ocr_par' dir='ltr' id='par_1_6' title="bbox 222 3522 1264 3744">
     <span class='ocr_line' id='line_1_23' title="bbox 261 3522 1264 3604; baseline 0 -16"><span class='ocrx_word' id='word_1_147' title='bbox 261 3524 301 3589; x_wconf 88' lang='lat' dir='ltr'>In</span> <span class='ocrx_word' id='word_1_148' title='bbox 325 3524 443 3590; x_wconf 86' lang='lat' dir='ltr'>eadem</span> <span class='ocrx_word' id='word_1_149' title='bbox 466 3523 618 3590; x_wconf 87' lang='lat' dir='ltr'>oratione</span> <span class='ocrx_word' id='word_1_150' title='bbox 641 3522 755 3588; x_wconf 85' lang='lat' dir='ltr'>Cicero</span> <span class='ocrx_word' id='word_1_151' title='bbox 779 3540 948 3604; x_wconf 88' lang='lat' dir='ltr'>nusquam</span> <span class='ocrx_word' id='word_1_152' title='bbox 964 3523 1171 3589; x_wconf 86' lang='lat' dir='ltr'>mentionem</span> <span class='ocrx_word' id='word_1_153' title='bbox 1185 3523 1264 3589; x_wconf 83' lang='lat' dir='ltr'>lecit</span> 
     </span>
     <span class='ocr_line' id='line_1_24' title="bbox 222 3658 1264 3744; baseline 0 -18"><span class='ocrx_word' id='word_1_154' title='bbox 222 3660 376 3744; x_wconf 83' lang='lat' dir='ltr'>„Magni”</span> <span class='ocrx_word' id='word_1_155' title='bbox 411 3659 630 3740; x_wconf 86' lang='lat' dir='ltr'>cognominis.</span> <span class='ocrx_word' id='word_1_156' title='bbox 675 3658 903 3724; x_wconf 90' lang='lat' dir='ltr'>Nihilominus</span> <span class='ocrx_word' id='word_1_157' title='bbox 937 3676 1006 3723; x_wconf 89' lang='lat' dir='ltr'>non</span> <span class='ocrx_word' id='word_1_158' title='bbox 1040 3658 1264 3726; x_wconf 85' lang='lat' dir='ltr'>dubitandum</span> 
     </span>
    </p>
   </div>
   <div class='ocr_carea' id='block_1_6' title="bbox 245 3949 254 3961">
    <p class='ocr_par' dir='ltr' id='par_1_7' title="bbox 245 3949 254 3961">
     <span class='ocr_line' id='line_1_25' title="bbox 245 3949 254 3961; baseline 0 0"><span class='ocrx_word' id='word_1_159' title='bbox 245 3949 254 3961; x_wconf 65' lang='lat' dir='ltr'><em>d</em></span> 
     </span>
    </p>
   </div>
   <div class='ocr_carea' id='block_1_7' title="bbox 253 3964 1262 4284">
    <p class='ocr_par' dir='ltr' id='par_1_8' title="bbox 253 3964 1262 4284">
     <span class='ocr_line' id='line_1_26' title="bbox 253 3964 1262 4048; baseline 0.004 -20"><span class='ocrx_word' id='word_1_160' title='bbox 253 3975 291 4048; x_wconf 60' lang='lat' dir='ltr'>(g)</span> <span class='ocrx_word' id='word_1_161' title='bbox 309 3976 339 4029; x_wconf 87' lang='lat' dir='ltr'>ln</span> <span class='ocrx_word' id='word_1_162' title='bbox 357 3975 434 4028; x_wconf 84' lang='lat' dir='ltr'>Verr.</span> <span class='ocrx_word' id='word_1_163' title='bbox 454 3974 498 4028; x_wconf 88' lang='grc' dir='ltr'><strong>ΙΙΙ.</strong></span> <span class='ocrx_word' id='word_1_164' title='bbox 517 3964 559 4028; x_wconf 72' lang='lat' dir='ltr'>lli.</span> <span class='ocrx_word' id='word_1_165' title='bbox 580 3974 623 4027; x_wconf 74' lang='lat'>42.</span> <span class='ocrx_word' id='word_1_166' title='bbox 884 3973 928 4046; x_wconf 83' lang='lat'>(†)</span> <span class='ocrx_word' id='word_1_167' title='bbox 947 3975 974 4028; x_wconf 89' lang='lat' dir='ltr'>in</span> <span class='ocrx_word' id='word_1_168' title='bbox 993 3975 1070 4029; x_wconf 83' lang='lat' dir='ltr'>Verr.</span> <span class='ocrx_word' id='word_1_169' title='bbox 1089 3976 1120 4029; x_wconf 91' lang='lat' dir='ltr'>ll.</span> <span class='ocrx_word' id='word_1_170' title='bbox 1139 3976 1182 4031; x_wconf 73' lang='lat'>42.</span> <span class='ocrx_word' id='word_1_171' title='bbox 1201 3977 1262 4034; x_wconf 79' lang='lat'><strong>102.</strong></span> 
     </span>
     <span class='ocr_line' id='line_1_27' title="bbox 318 4092 1262 4181; baseline 0.006 -36"><span class='ocrx_word' id='word_1_172' title='bbox 318 4112 331 4145; x_wconf 89' lang='lat'>»</span> <span class='ocrx_word' id='word_1_173' title='bbox 397 4111 410 4145; x_wconf 90' lang='grc'>))</span> <span class='ocrx_word' id='word_1_174' title='bbox 454 4092 623 4147; x_wconf 78' lang='grc' dir='ltr'><strong>ΙΙΙ.18.45.</strong></span> <span class='ocrx_word' id='word_1_175' title='bbox 778 4167 782 4181; x_wconf 40' lang='lat'><strong><em>¹</em></strong></span> <span class='ocrx_word' id='word_1_176' title='bbox 950 4113 984 4162; x_wconf 16' lang='lat' dir='ltr'>»v</span> <span class='ocrx_word' id='word_1_177' title='bbox 1030 4115 1043 4147; x_wconf 79' lang='lat' dir='ltr'>u</span> <span class='ocrx_word' id='word_1_178' title='bbox 1089 4097 1133 4150; x_wconf 83' lang='lat' dir='ltr'>ll&#39;.</span> <span class='ocrx_word' id='word_1_179' title='bbox 1158 4097 1200 4150; x_wconf 88' lang='lat' dir='ltr'>ll.</span> <span class='ocrx_word' id='word_1_180' title='bbox 1220 4097 1262 4150; x_wconf 77' lang='lat'>25.</span> 
     </span>
     <span class='ocr_line' id='line_1_28' title="bbox 254 4211 1262 4284; baseline 0.003 -17"><span class='ocrx_word' id='word_1_181' title='bbox 254 4230 303 4284; x_wconf 85' lang='lat' dir='ltr'>pro</span> <span class='ocrx_word' id='word_1_182' title='bbox 321 4214 379 4283; x_wconf 81' lang='lat' dir='ltr'>lege</span> <span class='ocrx_word' id='word_1_183' title='bbox 398 4212 469 4266; x_wconf 83' lang='lat' dir='ltr'>Man.</span> <span class='ocrx_word' id='word_1_184' title='bbox 488 4212 531 4266; x_wconf 87' lang='lat' dir='ltr'>ll.</span> <span class='ocrx_word' id='word_1_185' title='bbox 549 4211 592 4265; x_wconf 89' lang='lat'>30.</span> <span class='ocrx_word' id='word_1_186' title='bbox 949 4234 962 4267; x_wconf 87' lang='lat'>»</span> <span class='ocrx_word' id='word_1_187' title='bbox 1029 4234 1042 4266; x_wconf 75' lang='lat' dir='ltr'>r&gt;</span> <span class='ocrx_word' id='word_1_188' title='bbox 1087 4215 1130 4268; x_wconf 79' lang='lat' dir='ltr'>lv.</span> <span class='ocrx_word' id='word_1_189' title='bbox 1159 4216 1200 4269; x_wconf 60' lang='grc' dir='ltr'>Ὦ.</span> <span class='ocrx_word' id='word_1_190' title='bbox 1220 4217 1262 4270; x_wconf 78' lang='grc'>48.</span> 
     </span>
    </p>
   </div>
   <div class='ocr_carea' id='block_1_8' title="bbox 0 0 1497 5032">
    <p class='ocr_par' dir='ltr' id='par_1_9' title="bbox 0 0 1497 5032">
     <span class='ocr_line' id='line_1_29' title="bbox 0 0 1497 5032; baseline 0 0"><span class='ocrx_word' id='word_1_191' title='bbox 0 0 1497 5032; x_wconf 95' lang='lat' dir='ltr'> </span> 
     </span>
    </p>
   </div>
  </div>
 </body>
</html>
