2970 5032
720 268 763 331 82

214 471 280 535 Cic.
312 469 449 551 Quaest.
474 469 572 533 Fuso.
596 467 622 532 Ι.
648 468 700 532 35.
725 467 779 531 86.
827 464 1008 550 „Pompeio
1033 468 1150 529 nostro
1173 464 1268 572 fami-

213 607 297 688 llari,
333 623 412 671 cum
449 605 601 686 graviter
636 606 832 684 aegrotaret
868 602 1020 684 Neapoli,
1057 600 1178 666 melius
1214 606 1268 666 est

213 744 350 809 factum.
376 742 535 808 Coronati
558 740 776 823 Neapolitani
800 740 952 822 fuerunt,
977 739 1138 803 nimirum
1162 738 1269 803 etiam

214 881 403 964 Puteolani,
439 881 542 961 vulgo
576 898 620 944 ex
655 879 788 962 oppidis
822 878 955 961 publice
990 877 1267 958 gratulabantur:

214 1018 368 1100 ineptum
392 1035 475 1083 sane
499 1016 675 1097 negotium
699 1019 734 1081 et
757 1014 962 1080 Graeculum
986 1015 1046 1080 sed
1068 1017 1184 1079 tamen
1207 1015 1270 1080 for·
1345 1010 1348 1015 ’

213 1151 407 1221 tunatum.'’
443 1152 554 1218 Aliter
587 1153 733 1218 iudicat:
768 1152 828 1234 Ep.
864 1151 907 1216 ad
942 1151 1017 1216 Att.
1042 1150 1133 1216 VIII.
1160 1153 1210 1216 16.
1240 1153 1268 1216 1.

215 1297 290 1367 (scr.
326 1290 469 1356 Formiis
507 1307 537 1355 a.
563 1290 594 1354 d.
618 1289 667 1354 IV
690 1289 777 1355 Non.
803 1289 900 1354 Mart.
926 1306 956 1354 a.
982 1290 1036 1363 49)
1063 1288 1269 1372 „municipia

214 1445 296 1494 vero
336 1428 436 1492 deum
469 1426 661 1502 (Caesarem
692 1425 819 1501 colunt)
843 1443 905 1490 nec
929 1425 1102 1507 simulant,
1127 1429 1166 1490 ut
1189 1443 1269 1490 cum

216 1566 258 1630 de
280 1564 337 1629 illo
361 1564 545 1654 (Pompeio)
569 1567 709 1643 aegroto
731 1567 814 1628 vota
837 1560 1041 1628 faciebant.''

260 1701 426 1782 Legiones
449 1701 482 1764 in
508 1699 643 1783 Syriam
667 1699 821 1765 decretas
841 1717 926 1782 esse,
951 1717 1038 1781 quae
1054 1700 1269 1765 causainter-

216 1839 329 1921 posita
363 1838 418 1919 sit,
455 1855 513 1903 cur
548 1837 665 1919 copiae
700 1837 779 1901 illae
814 1855 835 1901 a
872 1837 1019 1903 Caesare
1042 1837 1268 1918 auferrentur,

218 1977 332 2041 Cicero
357 1975 478 2041 tradit:
503 1976 562 2057 Ep.
588 1975 630 2039 ad
653 1975 747 2040 Fam.
771 1973 813 2040 ΙΙ.
842 1975 892 2039 17.
917 1976 947 2040 ὁ.
973 1980 1048 2050 (scr.
1073 1974 1169 2039 Tarsi
1192 1992 1223 2039 a.
1238 1976 1270 2040 d.

217 2113 302 2179 XVI
326 2114 401 2178 Kal.
428 2114 522 2178 Sext.
547 2131 577 2178 a.
603 2114 657 2187 50)
685 2112 794 2196 „quod
818 2113 964 2194 quaeris,
983 2111 1272 2192 quid-existimem

219 2251 260 2314 de
296 2249 496 2331 legionibus,
533 2265 620 2329 quae
655 2248 812 2313 decretae
835 2252 917 2313 sunt
940 2218 974 2312 in
998 2248 1143 2331 Syriam,
1168 2252 1272 2315 antea

128 2403 131 2409 ·
218 2386 421 2452 dubitabam
455 2389 667 2450 venturaene
702 2384 833 2451 essent:
869 2402 959 2450 nunc
994 2385 1077 2450 mihi
1110 2403 1178 2451 non
1216 2392 1273 2451 est

158 2589 160 2591 ,
219 2509 370 2607 dubium,
406 2524 498 2608 quin,
535 2524 563 2589 si
599 2528 702 2588 antea
737 2523 891 2589 auditum
917 2523 982 2588 erit
1005 2523 1113 2589 otium
1136 2540 1211 2588 esse
1235 2524 1272 2588 in

219 2661 328 2744 Syria,
352 2665 519 2752 uenturae
543 2678 610 2725 non
634 2654 735 2726 sint.''
771 2659 821 2723 rx
845 2660 948 2742 Appii
972 2660 1107 2725 nornine
1131 2660 1188 2741 qui
1211 2676 1273 2725 eas

219 2799 356 2864 reduxit
390 2802 511 2880 postea
546 2797 698 2876 legiones
721 2795 900 2878 Appianae
931 2797 1163 2879 appellantur:
1209 2797 1270 2878 Ep.

220 2936 263 3000 ad
301 2935 375 3000 Att.
411 2934 485 2999 VII.
514 2934 564 2998 15.
590 2934 620 2998 3.
646 2939 720 3009 (scr.
747 2933 882 3014 Capuae
906 2951 936 2998 a.
961 2934 991 2999 d.
1016 2933 1048 2998 V
1071 2933 1146 2999 Kal.
1172 2934 1270 3000 Febr.

220 3089 250 3137 a.
275 3072 330 3145 49)
356 3070 559 3155 „Pompeius
582 3070 623 3135 ad
649 3069 799 3150 legiones
810 3069 988 3151 Appianas
1011 3074 1065 3135 est
1080 3070 1270 3152 profectus,

220 3193 407 3273 Labienum
431 3205 547 3272 secum
570 3203 705 3272 habet.’¹
731 3209 772 3283 (ἓ)

269 3433 346 3515 Cup.
380 3433 627 3515 LVIII-Cup.
662 3432 789 3498 LXIII
819 3432 997 3497 continent
1020 3450 1059 3497 ea
1082 3451 1169 3515 quae
1193 3434 1272 3498 belli

221 3571 402 3636 materiam
436 3571 677 3654 praebuerunt,
711 3585 865 3651 quaeque
893 3568 1037 3634 Caesare
1062 3570 1272 3636 Rubiconem

222 3712 438 3789 transgresso
473 3707 690 3790 acciderunt,
726 3708 833 3773 donec
871 3707 1053 3789 Pompeius
1090 3708 1270 3774 Brundisio

222 3844 395 3927 profectus
418 3849 482 3910 est.

260 4051 291 4126 (ἕ)
312 4053 360 4125 Ep.
379 4054 413 4108 ad
432 4054 486 4108 An.
508 4054 565 4111 vll.
582 4053 626 4112 20.
645 4055 670 4109 l.
777 4073 779 4077 ¹

323 4191 336 4225 r)
386 4191 398 4224 u
447 4191 460 4224 »
507 4173 563 4229 VII.
582 4173 626 4230 13.
644 4174 669 4227 2.
