2970 5032
799 305 842 368 58

298 504 409 568 Peteri
445 506 485 580 (sl
531 504 664 585 opinio:
707 503 887 568 Caesarem
926 501 1099 568 consulem
1134 501 1350 582 designatum

300 642 387 705 hanc
411 641 611 706 societatem
634 640 760 707 iniisse.
807 639 858 704 Ex
882 639 1052 704 Ciceronis
1070 638 1277 704 testimoniis
1289 638 1350 703 vix

299 779 479 859 quicquam
503 777 595 843 aliud
620 777 729 858 colligi
753 778 842 843 licet.
911 791 916 807 ¹

342 1054 547 1119 Plutarchus
588 1057 772 1136 postquam
808 1053 980 1134 narravit,
1017 1069 1076 1116 cur
1111 1051 1235 1117 Caesar
1270 1068 1348 1115 curn

299 1191 459 1272 Pompeio
494 1195 529 1256 et
565 1189 686 1255 Crasso
711 1207 748 1254 se
772 1189 1007 1271 coniunxerit,
1032 1188 1073 1253 de
1097 1187 1251 1254 Caesaris
1275 1205 1349 1253 con·

298 1327 413 1392 sulatu
436 1328 485 1392 ita
508 1328 619 1409 pergit
636 1348 642 1393 :
664 1327 741 1406 Cup.
756 1326 819 1390 XL
828 1326 895 1389 VH
918 1320 1045 1411 „nediu
1062 1324 1125 1394 μὲν
1141 1323 1205 1398 γὰρ
1222 1322 1350 1393 ὕπατος

300 1462 443 1531 Καῖσαρ.
470 1454 576 1527 εὐθὺς
596 1457 632 1513 δὲ
649 1455 852 1530 θεραπεύων
869 1455 929 1512 τὸν
946 1451 1075 1528 ἄπορον
1091 1455 1147 1509 καὶ
1156 1451 1280 1522 πένητα
1288 1469 1346 1507 κα-

298 1588 426 1657 τοικίας
451 1586 583 1643 πόλεων
608 1589 664 1642 καὶ
691 1585 800 1657 νομὰς
826 1581 939 1658 ἀγρῶν
954 1581 1112 1658 ἔγραφεν,
1128 1579 1292 1653 ἐκβαίνων
1308 1581 1350 1637 τὸ

298 1720 357 1788 τῆς
374 1711 479 1789 ἀρχῆς
488 1711 621 1786 ἀξίωμα
630 1717 686 1770 καὶ
696 1714 823 1788 τρόπον
832 1715 906 1770 τινὰ
917 1714 1110 1787 δημαρχίαν
1118 1712 1178 1784 τὴν
1186 1707 1351 1768 ὑπατείαν

298 1851 497 1922 καθιστάς·”
544 1850 637 1916 More
659 1868 721 1915 suo
744 1850 949 1915 Plutarchus
973 1849 1055 1913 nihil
1079 1849 1194 1914 adiicit
1218 1850 1258 1913 de
1281 1848 1350 1913 illis

298 1988 430 2069 legibus
464 1994 499 2055 et
523 1989 672 2054 coloniis.
719 1987 853 2069 Quanto
877 1988 997 2053 melius
1021 1988 1105 2052 haec
1128 1990 1210 2052 nota
1235 1990 1351 2051 essent

299 2126 327 2190 si
362 2127 509 2208 priorem
544 2127 624 2191 anni
659 2127 698 2190 61
730 2128 864 2207 partem
889 2124 1003 2190 Cicero
1027 2126 1156 2191 Romae
1180 2125 1352 2205 degisset;

299 2264 371 2328 eius
404 2263 568 2345 epistolae
596 2263 723 2328 claram
748 2262 858 2326 lucem
882 2261 1096 2345 attulissent,
1120 2261 1178 2326 ubi
1202 2261 1351 2326 nuncin

254 2419 258 2428 ·
300 2400 449 2464 tenebris
481 2417 667 2465 versamur.
713 2399 763 2464 lix
786 2399 828 2464 iis
852 2399 952 2482 enirn,
977 2416 1064 2479 quae
1088 2398 1201 2463 Cicero
1226 2398 1268 2463 ad
1292 2398 1352 2463 At·

300 2536 407 2600 ticum
430 2537 614 2620 rescripsit,
628 2537 823 2602 coniectura
834 2540 972 2601 tantum
983 2536 1143 2617 augurari
1155 2554 1350 2618 possumus

299 2673 379 2754 quid
414 2674 454 2738 de
488 2691 602 2738 rerum
637 2674 869 2739 Romanarum
893 2674 1085 2738 conditione
1108 2658 1383 2738 alternantia

299 2811 397 2876 verit.
458 2809 648 2875 Nonnullos
691 2810 784 2875 locos
818 2827 1041 2894 componam,
1064 2794 1120 2875 'ad
1154 2811 1243 2875 hanc
1277 2828 1351 2875 rem

298 2949 527 3029 indagandam
550 2948 799 3029 quodammodo
822 2949 1055 3030 pertinentes:

343 3087 404 3168 Ep.
429 3086 475 3150 ud
498 3088 565 3152 Au.
589 3065 638 3152 H.
663 3087 693 3152 3.
719 3087 749 3152 3.
782 3092 857 3162 (scr.
881 3088 1010 3153 Romae
1032 3105 1150 3152 mense
1172 3088 1352 3152 Decembri

300 3244 329 3289 a.
355 3225 430 3299 ddi:
469 3228 550 3310 „aut
584 3223 719 3288 fortiter
752 3224 978 3290 resistendum
1016 3225 1158 3307 estlegi
1177 3225 1351 3307 agrariae,
1451 3316 1458 3326 ρ

299 3361 333 3425 in
368 3379 433 3442 quo
469 3364 523 3426 est
546 3360 714 3441 quaedam
738 3360 908 3426 dimicatio
933 3362 993 3426 sed
1016 3361 1117 3443 plena
1140 3362 1265 3443 laudis3
1289 3366 1350 3427 aut

299 3499 561 3581 quiescendum,
597 3499 687 3580 quod
722 3503 776 3564 est
807 3517 876 3564 non
911 3500 1073 3565 dissimile
1107 3503 1210 3582 atque
1243 3502 1291 3565 ire
1314 3499 1351 3564 in

301 3635 475 3701 Solonium
499 3640 560 3701 aut
581 3635 747 3717 Antium;
771 3640 832 3702 aut
856 3637 960 3701 etiam
984 3637 1237 3720 adiuvandum,
1261 3637 1350 3718 quod

181 3767 187 3786 ¹
300 3790 398 3837 ame
422 3773 519 3837 aiunt
542 3772 723 3838 Caesarem
746 3774 794 3838 sic
818 3777 1028 3859 exspectare,
1052 3778 1172 3840 utnon
1184 3769 1350 3840 dubitet.'’

345 3909 405 3989 Ep.
442 3909 487 3973 ud
521 3911 588 3974 Art.
624 3908 672 3974 II.
707 3910 737 3974 4.
774 3911 805 3974 4.
846 3915 921 3984 (scr.
956 3910 991 3974 in
1020 3912 1210 3976 Tusculano
1234 3929 1352 3977 mense

339 4222 375 4294 l§)
394 4222 423 4276 C.
443 4222 531 4275 Peter.
551 4220 711 4275 Geschichte
729 4221 821 4274 Roms.
842 4219 874 4274 ΙΙ.
893 4237 952 4291 pag.
972 4220 1032 4275 227.
