2970 5032
726 360 766 424 51

215 574 283 639 quo
323 558 469 623 Romam
506 558 607 624 rediit
643 559 819 640 usquead
854 560 1072 625 consulatum
1105 561 1270 626 Caesaris,

215 694 432 761 Perbreviter
466 695 551 761 haec
587 696 701 761 omnia
724 696 758 760 in
797 696 862 761 hac
899 696 983 762 Vita
1002 700 1196 781 narrantur,
1221 698 1270 762 sic

213 836 331 898 tamen
358 835 399 897 ut
419 832 617 899 summatim
641 835 728 898 bene
758 834 964 899 conveniant
991 851 1069 898 curn
1092 834 1134 899 iis
1157 836 1269 916 rebus,

215 988 302 1052 quas
324 969 460 1035 aliunde
482 973 676 1051 compertas
687 970 869 1036 habemus:
890 971 1073 1052 Pompeius
1084 974 1270 1052 antequam

214 1107 352 1175 Italiam
383 1108 509 1191 attigit,
534 1109 598 1174 hoc
620 1108 733 1174 animo
757 1108 862 1174 fuisse
886 1109 1031 1192 videtur,
1055 1112 1094 1174 ut
1117 1109 1270 1175 crederet

215 1245 279 1312 sibi
310 1247 429 1311 tantas
464 1244 583 1310 laudes
620 1244 760 1310 bellicas
794 1245 918 1327 adepto
954 1263 1072 1313 omnes
1096 1250 1132 1312 et
1155 1247 1269 1312 omnia

217 1363 355 1465 praesto
389 1381 471 1447 fore.
507 1380 622 1462 Longe
656 1382 741 1446 haec
773 1399 854 1464 spes
886 1399 965 1448 eum
997 1382 1135 1450 fefellit:
1160 1401 1268 1464 neque

215 1537 303 1603 quae
331 1518 489 1585 Metellus
521 1519 636 1601 Nepos
669 1519 712 1583 ad
731 1518 907 1601 populum
944 1520 1035 1603 tulit,
1064 1520 1202 1602 perduci
1226 1521 1268 1585 ad

214 1656 318 1722 finem
352 1658 549 1739 potuerunt,
586 1672 696 1736 neque
733 1655 806 1738 ipse
840 1617 1041 1738 impetravit
1069 1661 1108 1722 ut
1131 1658 1269 1723 comitia

216 1793 407 1861 consularia
431 1793 656 1859 differrentur.
680 1793 909 1859 Nihilominus
920 1794 1140 1860 Brundisium
1153 1796 1268 1877 appul-

218 1949 276 1999 sus
296 1930 484 1998 exercitum
508 1931 620 1996 dimisi
639 1981 646 2014 ,
664 1933 705 2007 (ἓ)
727 1935 763 1996 et
785 1932 933 2013 primum
953 1931 987 1995 id
1012 1932 1091 2016 egit,
1114 1937 1153 1998 ut
1173 1932 1267 1998 Cato-

219 2086 297 2136 nem
305 2044 507 2136 acerrimum
525 2068 760 2134 adversarium
773 2068 837 2135 sibi
850 2068 1054 2136 conciliaret.
1072 2069 1138 2134 Hic
1150 2074 1267 2136 autem

216 2207 393 2291 repudiata
412 2206 591 2272 affinitatis
603 2206 840 2272 coniunctione
853 2206 1054 2288 Pompeium
1065 2207 1265 2289 impugnare

214 2362 283 2411 non
318 2345 428 2423 desiit,
465 2343 602 2408 adiutus
642 2342 834 2426 aLucullo,
859 2343 916 2425 qui
940 2343 1081 2409 iniurias
1109 2344 1191 2410 olim
1214 2363 1265 2411 ac·

215 2487 333 2565 ceptas
366 2481 481 2547 ulcisci
506 2480 675 2562 cupiebat.
700 2479 755 2544 Ab
779 2481 832 2545 his
857 2481 1063 2547 adversariis
1086 2482 1120 2546 in
1145 2489 1267 2550 senatu

214 2623 398 2703 superatus
426 2617 608 2699 Pompeius
631 2617 674 2681 ad
696 2616 861 2699 populum
885 2634 922 2681 se
944 2617 1098 2699 contulit,
1122 2636 1266 2700 cumque

214 2775 258 2823 ne
292 2757 347 2822 hic
378 2757 515 2838 quidem
549 2754 659 2819 multa
691 2753 880 2836 proficeret,
904 2753 1044 2818 tandem
1069 2755 1205 2820 Caesari
1229 2775 1266 2821 se

214 2896 369 2993 permisit
403 2900 439 2961 et
461 2897 504 2960 ab
527 2912 566 2959 eo
591 2893 732 2976 accepit,
753 2909 840 2974 quae
861 2894 935 2975 ipse
958 2910 1018 2975 per
1041 2911 1078 2958 se
1106 2894 1266 2974 consequi

214 3052 282 3100 non
316 3037 486 3116 potuerat.
511 3032 607 3096 Haec
630 3031 787 3096 fortunae
810 3030 962 3095 varietas
985 3029 1090 3095 etiam
1117 3047 1194 3095 cum
1220 3030 1266 3094 Ci-

214 3189 334 3238 cerone
370 3170 569 3252 Pompeium
600 3167 787 3233 coniunxit.
819 3166 934 3232 Altius
958 3167 1162 3248 repetendae
1185 3171 1267 3233 sunt

246 3610 279 3682 (5)
307 3610 370 3680 Cap.
396 3606 495 3661 XLIII:
528 3599 558 3658 »ὁ
580 3599 728 3671 Πομπήιος
745 3595 873 3655 ἐκέλευσε
894 3597 1068 3654 διαλύεσθαι
1087 3595 1159 3652 κατὰ
1181 3595 1264 3651 πόλιν

213 3718 348 3784 ἑκάστους
374 3719 422 3776 καὶ
449 3716 607 3785 τρέπεσθαι
633 3711 705 3782 πρὸς
725 3711 760 3767 τὰ
779 3710 878 3777 οἰκεῖα,
897 3709 1092 3781 μεμνημένους
1111 3702 1199 3772 αὖθις
1218 3704 1264 3764 ἐπὶ

212 3837 261 3894 τὸν
277 3838 419 3909 θρίαμβον
437 3830 513 3905 αὐτῷ
532 3828 704 3885 novelicio?

246 3948 296 4003 Dio
314 3947 422 4001 Cassius
443 3941 588 4009 (XXXVII.
608 3939 660 4008 al),
688 3938 825 4008 oppianus
845 3937 976 4002 (debello
996 3936 1087 3990 Mithr.
1111 3935 1224 4003 CXVII),
1236 3940 1263 3988 et

211 4062 331 4116 Velleius
349 4059 381 4124 (ll
411 4056 456 4126 40)
478 4040 638 4109 confirmant
656 4069 690 4105 ne
709 4049 967 4121 triumphoquideni
979 4048 1099 4118 Pompeii
1110 4047 1259 4101 exercituin

212 4174 373 4230 interfuisse.
392 4173 461 4242 App.
486 4170 502 4222 l.
525 4168 542 4220 l.
567 4165 698 4219 »εἵποντο
721 4158 747 4216 δ’
768 4158 844 4235 αὐτῷ
864 4157 933 4230 μετὰ
952 4157 982 4215 τὸ
1002 4155 1079 4230 ἅρμα
1101 4156 1131 4213 οἷ
1144 4174 1262 4225 cortou·

1126 4272 1141 4292 ir

1119 4310 1125 4324 0

212 4283 378 4354 reacciperet
396 4284 452 4338 τῶν
468 4277 620 4350 ἡγεμόνων,
646 4272 676 4330 οἷ
692 4272 742 4344 μὲν
765 4269 808 4342 ἐφ’
829 4274 922 4327 ἵππων
942 4269 971 4326 οἷ
986 4269 1018 4326 δὲ
1036 4273 1120 4337 πεζοί
