2970 5032
802 244 844 307 84

302 443 384 526 tavi,
415 443 447 507 di
475 441 707 508 immortales!
739 459 841 523 quam
875 459 936 522 ego
961 443 1066 508 risum
1089 446 1246 509 nostrum
1271 441 1355 507 desi·

302 581 414 647 dero.’'
451 579 584 644 Caelius
607 579 697 644 idem
721 578 927 663 Ciceronem,
948 598 1052 662 quum
1064 580 1356 662 iameprovinda

302 717 505 784 decessisset
537 719 572 781 et
603 716 667 782 iter
690 715 865 795 ingressus
889 720 982 782 esset
1005 718 1160 799 Romam,
1186 717 1355 781 derebus

302 854 465 921 Romanis
499 853 677 918 certiorem
712 851 812 918 fecit:
848 853 907 934 Ep.
942 853 985 918 ad
1008 853 1102 920 Fam.
1127 853 1217 919 VIII.
1246 854 1296 919 14.
1322 855 1354 918 2.

302 998 376 1068 (sor.
402 993 531 1057 Romae
559 1006 676 1055 mense
699 989 891 1071 Septembri
915 1007 945 1055 a.
971 991 1025 1066 50)
1044 990 1277 1075 „propositum
1290 990 1357 1055 hoc

302 1133 364 1213 est,
390 1128 431 1194 de
456 1145 522 1210 quo
548 1127 605 1209 qui
628 1143 742 1191 rerum
761 1127 939 1208 potiuntur
951 1130 1034 1192 sunt
1046 1127 1249 1210 dimicaturi,
1262 1129 1354 1208 quod

302 1266 361 1331 Cn.
396 1264 579 1346 Pompeius
617 1263 796 1329 constituit
828 1281 895 1329 non
919 1265 991 1346 pati
1016 1264 1050 1330 C.
1076 1264 1256 1329 Caesarem
1280 1282 1357 1330 con-

301 1402 410 1468 sulem
442 1401 541 1466 aliter
571 1399 653 1483 fieri,
677 1400 742 1465 nisi
767 1401 955 1465 exercitum
979 1405 1014 1465 et
1037 1401 1231 1482 provincias
1254 1401 1356 1466 tradi-

302 1539 410 1620 derit3
448 1537 584 1603 Caesari
615 1542 730 1603 autem
756 1555 957 1619 persuasum
982 1541 1095 1604 estse
1119 1539 1254 1604 salvum
1278 1556 1357 1605 esse

301 1694 369 1741 non
390 1693 502 1759 posse,
526 1675 555 1741 si
578 1677 621 1740 ab
646 1675 799 1740 exercitu
822 1676 1010 1760 recesserit,
1034 1677 1101 1742 fert
1119 1677 1213 1742 illam
1236 1682 1355 1742 tamen

302 1813 540 1896 conditionem,
565 1816 604 1879 ut
625 1813 726 1877 ambo
751 1812 922 1878 exercitus
935 1813 1084 1880 tradant.
1099 1814 1207 1879 sicilli
1220 1832 1355 1880 amores

303 1960 339 2016 et
372 1951 540 2016 invidiosa
577 1949 768 2015 coniunctio
804 1967 871 2015 non
899 1951 942 2015 ad
967 1951 1135 2016 occultam
1158 1952 1277 2016 recidit
1300 1953 1355 2017 ob·

302 2088 542 2154 trectationem
567 2087 626 2152 sed
652 2086 695 2151 ad
716 2086 843 2157 bellum
867 2103 904 2151 se
926 2088 1051 2170 erupit;
1076 2105 1186 2170 neque
1198 2106 1354 2153 mearum

301 2243 414 2291 rerum
437 2224 516 2307 quid
541 2224 671 2289 consilii
695 2224 828 2305 capiam
851 2225 1002 2308 reperio;
1026 2227 1115 2307 quod
1132 2244 1200 2291 non
1223 2225 1353 2310 dubit0,

301 2363 382 2443 quin
418 2367 454 2426 te
488 2378 622 2443 quoque
656 2362 740 2426 haec
774 2361 972 2428 deliberatio
1007 2364 1053 2429 sit
1076 2366 1353 2466 perturbatura3”

303 2499 538 2564 Conditionem
571 2498 674 2580 illam,
715 2504 754 2564 ut
792 2500 893 2565 ambo
929 2502 1100 2567 exercitus
1123 2502 1355 2585 trade1·ent,a

302 2637 446 2702 Curione
469 2637 505 2701 in
529 2640 652 2702 senatu
675 2637 887 2719 propositam
908 2654 983 2703 esse
994 2638 1199 2704 Plutarchus
1213 2645 1353 2706 narrat:

302 2794 379 2842 cum
411 2776 500 2841 enim
522 2774 701 2840 Marcellus
725 2775 841 2840 consul
868 2775 1048 2842 Caesarem
1072 2761 1353 2843 hostem'decerni

301 2914 444 2997 iuberet,
470 2912 569 2977 Curio
594 2929 668 2977 oum
695 2912 846 2976 Antonio
870 2917 905 2977 et
928 2913 1051 2979 Pisone
1074 2921 1233 2979 senatum
1251 2932 1353 2980 verae

301 3049 495 3116 sententiae
527 3048 689 3129 coarguit.
736 3048 802 3113 Eos
830 3050 987 3115 secedere
1019 3051 1129 3133 iussit,
1154 3052 1210 3132 qui
1236 3052 1353 3116 Caesa·

300 3206 373 3253 rem
396 3204 493 3252 arma
514 3185 693 3269 deponere,
717 3185 917 3268 Pompeium
940 3187 1182 3268 magistratum
1206 3188 1352 3254 retinere

302 3325 440 3390 vellent.
487 3324 675 3405 Postquam
707 3340 788 3389 vero
812 3324 846 3388 in
870 3341 946 3389 eam
970 3304 1179 3391 sententiam
1201 3326 1353 3407 plerique

302 3462 449 3543 iverunt,
481 3460 605 3525 iterum
629 3477 688 3525 eos
711 3459 868 3524 secedere
890 3461 999 3542 iussit,
1024 3460 1147 3541 quibus
1170 3458 1353 3543 utrumque

304 3598 458 3664 exercitu*
495 3597 634 3663 dimisso
671 3597 844 3679 privatum
882 3613 957 3663 esse
996 3598 1155 3678 placeret.
1203 3600 1352 3680 Digressi

304 3739 386 3802 sunt
409 3753 528 3802 onmes
551 3741 687 3817 praeter
710 3735 831 3816 viginti
856 3734 931 3800 duo.
979 3734 1024 3800 lis
1048 3735 1181 3801 collatis
1205 3755 1291 3818 quae
1311 3738 1352 3802 de

304 3875 368 3939 hac
406 3892 442 3939 re
476 3874 511 3938 ln
546 3873 628 3938 Vita
663 3872 818 3938 Caesaris
841 3872 1010 3956 leguntur,
1034 3891 1139 3938 unum
1165 3875 1353 3954 corrigatur

304 4028 445 4076 necesse
468 4014 541 4076 est:
567 4028 635 4075 non
659 4009 758 4075 Curio
783 4009 842 4075 sed
865 4009 1044 4075 Marcellus
1067 4011 1215 4091 priorem
1238 4029 1352 4092 quaes·

243 4185 246 4190 -
305 4149 433 4214 tionem
468 4146 665 4228 proposuit3
690 4146 779 4228 quod
803 4163 879 4210 cum
900 4151 964 4227 'per
988 4164 1024 4211 se
1047 4147 1265 4212 verisimilius
1288 4152 1351 4232 est,
