2970 5032
720 333 762 396 87

219 547 337 594 mense
359 529 548 607 Decembri)
570 531 790 617 „Pompeium
802 531 871 597 vidi
884 531 932 596 IV
944 531 1025 596 idus
1040 530 1130 615 Dec,
1143 531 1270 596 fuimus

219 683 287 730 una
322 667 407 733 duas
442 668 544 733 horas
581 668 728 734 tortasse
742 720 748 735 .
764 719 793 735 ..
818 667 859 734 de
883 667 1057 749 republica
1080 672 1197 734 autem
1220 668 1270 733 ita

218 821 353 868 mecum
391 805 525 871 locutus
554 809 617 890 est,
642 807 739 888 quasi
763 824 831 871 non
856 806 996 871 dubimn
1020 806 1147 871 bellum
1171 806 1270 871 habe·

218 958 333 1005 remus
363 940 446 1004 nihil
481 941 524 1005 ad
552 959 649 1023 spem
674 943 894 1007 concordiae.
912 992 919 1007 .
935 993 941 1008 .
957 938 987 1008 .''
1034 942 1118 1008 Post
1141 959 1269 1024 paucos

218 1077 290 1142 dies
324 1078 449 1142 iterum
484 1096 562 1143 oum
599 1078 761 1161 Pompeio
795 1097 998 1159 congressus
1037 1083 1112 1146 est:
1140 1078 1200 1160 Ep.
1225 1078 1268 1142 ad

217 1214 292 1279 Att.
323 1214 396 1280 VII.
419 1217 449 1280 8.
474 1216 495 1279 4
530 1220 606 1291 (scr.
629 1216 663 1279 in
687 1216 867 1281 Formiano
895 1215 927 1280 V
949 1214 1026 1284 Kal.
1049 1215 1134 1290 Ian.)
1159 1214 1268 1300 „quod

217 1353 348 1432 putasti
371 1351 442 1417 iore
465 1356 505 1446 ut
539 1359 620 1418 ante
651 1371 754 1433 quam
778 1353 868 1418 istuc
891 1353 1044 1418 venirem
1067 1351 1268 1433 Pompeium

216 1490 378 1573 viderem,
402 1490 533 1555 iactum
557 1495 611 1555 est
632 1491 703 1555 ita:
728 1507 809 1554 narn
835 1489 885 1555 Vl
907 1489 983 1556 Kal.
1006 1490 1048 1554 ad
1061 1490 1268 1556 Lavernium

217 1632 420 1692 consecutus
448 1630 522 1708 est;
547 1645 615 1692 una
639 1627 792 1692 Formias
815 1627 1032 1730 venimus'et
1055 1627 1098 1691 ab
1122 1627 1207 1692 hora
1219 1644 1268 1692 oc·

215 1768 298 1829 tava
310 1763 354 1828 ad
366 1781 548 1846 vesperum
560 1768 691 1829 secreto
705 1762 862 1829 collocuti
876 1781 1005 1829 sumus.
1019 1764 1109 1844 quod
1121 1764 1267 1846 quaeris,

216 1919 342 1983 ecquae
376 1920 456 1984 spes
490 1902 736 1984 pacificationis
767 1903 823 1985 sit,
857 1907 1025 1984 quantum
1049 1919 1091 1967 ex
1115 1902 1267 1983 Pompeii

216 2041 324 2106 multo
364 2043 400 2105 et
432 2044 592 2105 accurato
628 2057 785 2105 sermone
819 2039 989 2123 perspexi,
1025 2057 1068 2104 ne
1106 2039 1268 2117 voluntas

214 2181 352 2260 quidem
375 2184 453 2262 est3
489 2181 538 2245 sic
573 2181 663 2245 enim
697 2179 883 2262 existimat,
916 2180 945 2244 si
969 2178 1024 2243 ille
1047 2178 1103 2245 vel
1127 2179 1266 2243 dimisso

216 2318 368 2384 exercitu
391 2319 509 2384 consul
532 2317 645 2382 iactus
668 2318 723 2400 sit,
747 2318 907 2391 σύγχυσιν
924 2322 982 2390 τῆς
1002 2319 1172 2389 πολιτείας
1184 2315 1266 2399 iore,

215 2458 319 2535 atque
351 2454 455 2519 etiam
490 2458 591 2536 putat
613 2471 701 2536 eum,
727 2470 804 2518 cum
828 2452 974 2517 audierit
999 2455 1118 2517 contra
1142 2471 1179 2518 se
1199 2453 1267 2516 dili-

216 2596 335 2670 genter
357 2591 481 2673 parari,
516 2590 732 2656 consulatum
763 2590 828 2655 hoc
849 2605 938 2654 anno
967 2590 1202 2670 neglecturum
1226 2608 1266 2655 ac

215 2730 330 2809 potius
341 2729 530 2794 exercitum
542 2727 819 2810 provinciamque
831 2731 1063 2809 retenturum;
1088 2715 1266 2793 sinautem

214 2867 270 2932 ille
293 2867 431 2950 fureret,
453 2867 674 2932 vehementer
695 2865 868 2930 hominem
889 2866 1132 2930 contemnebat
1144 2869 1180 2930 et
1195 2865 1267 2931 suis

215 3010 250 3070 et
270 3005 318 3070 rei
342 3005 497 3086 publicae
525 3004 647 3085 opibus
674 2998 900 3068 confidebat.''
949 3001 1059 3082 Quum
1088 3002 1191 3082 igitur
1223 3019 1267 3067 ne

213 3143 380 3218 voluntas
410 3141 546 3222 quidem
578 3140 730 3221 Pompeii
756 3139 869 3233 luerit,
902 3141 942 3204 ut
965 3156 1034 3220 pax
1058 3144 1266 3220 servaretur,

214 3283 344 3360 impetu
374 3278 513 3344 Catonis
552 3280 587 3341 et
606 3275 742 3342 Lentuli
765 3275 809 3341 ad
838 3293 916 3339 eum
941 3274 1154 3340 incitandum
1178 3292 1265 3355 opus

214 3435 279 3482 non
304 3419 379 3481 erat
401 3418 452 3492 (ἓ).
475 3414 595 3479 Merito
619 3413 663 3477 ad
686 3412 844 3477 Tironem
869 3411 984 3475 Cicero
1009 3410 1166 3491 scripsit:
1192 3371 1263 3491 (Ep.

214 3553 257 3616 ad
280 3553 374 3619 Fam.
400 3552 495 3618 XVI.
522 3553 572 3616 11.
594 3552 624 3616 2.
649 3567 713 3615 scr.
738 3549 781 3613 ad
794 3549 914 3613 urbem
926 3546 1011 3629 prid.
1024 3546 1073 3612 id.
1086 3546 1157 3612 Ian.
1175 3547 1263 3622 a.49)

217 3692 338 3777 „incidi
360 3691 395 3755 in
422 3691 533 3771 ipsam
556 3689 730 3753 flammam
757 3685 866 3752 civilis
882 3685 1068 3751 discordiae
1080 3685 1136 3750 vel
1149 3685 1264 3767 potius

214 3831 326 3914 belli,'’
354 3832 392 3894 at
409 3827 487 3909 plus
509 3844 617 3906 aequo
642 3825 706 3890 sibi
730 3823 864 3906 sumsit,
889 3821 1071 3888 adiiciens:
1095 3821 1264 3906 „cuicum

214 3985 373 4050 cuperem
395 3964 522 4030 mederi
543 3968 582 4047 et,
605 3967 644 4028 ut
656 3963 815 4044 arbitror,
823 3978 968 4044 possem,
981 3960 1186 4041 cupiditates
1198 3978 1264 4024 cer-

248 4243 282 4315 (ξ)
304 4243 337 4300 ci.
355 4241 427 4297 Plut.
448 4239 541 4309 Pomp.
562 4237 625 4308 Cap.
642 4237 711 4294 LlX,
