2970 5032
781 234 824 297 94

883 335 896 376 ι

280 439 476 518 bellicosas;
519 436 649 518 deinde,
690 440 788 500 ext-ra
836 435 957 498 ducem
1003 450 1196 516 paucosque
1236 449 1331 514 prae

280 579 376 640 terea
402 611 433 620 -
460 575 502 639 de
523 574 731 656 principibus
744 568 873 653 'loquor
899 607 931 616 -
958 572 1102 652 reliquos
1120 572 1277 650 primum-
1293 571 1332 633 in

281 717 353 795 ipso
386 713 463 778 hello
485 730 636 793 rapaces,
667 711 785 776 dcirrdc
807 713 845 773 in
868 711 1017 774 oratioue
1039 713 1088 773 itu
1110 708 1269 790 crudeles,
1294 711 1333 771 ul

280 853 393 932 ipsum
415 851 589 913 cauturium
611 849 802 922 terrerum
825 846 1015 910 maximum
1038 849 1155 910 antem
1177 863 1237 910 aes
1255 845 1334 909 alie·

283 1005 366 1052 num
389 985 678 1068 amplissimorum
700 985 862 1049 virorum.
876 983 1131 1064 quidquaeris?
1155 983 1237 1046 nihil
1250 983 1333 1047 boni

283 1128 419 1206 praeter
441 1141 590 1189 causam.
615 1139 702 1204 quae
725 1138 803 1186 cum
825 1120 1000 1202 vidissem,
1024 1120 1210 1202 desperans
1229 1120 1333 1186 victo·

283 1262 370 1326 riam
392 1263 539 1343 primum
563 1261 658 1342 coepi
681 1259 824 1324 suadere
847 1275 977 1340 pacem,
1001 1258 1334 1323 cuiusfueramsem·

284 1417 346 1481 per
378 1402 515 1478 auctor;
558 1397 689 1478 deinde,
726 1413 803 1461 oum
826 1397 870 1460 ah
894 1413 935 1460 ea
957 1397 1129 1461 sententia
1151 1396 1335 1478 Pompeius

277 1536 385 1607 valde
408 1537 617 1617 abhorreret,
641 1535 784 1599 suadere
807 1533 950 1614 institui,
969 1538 1009 1598 ut
1029 1534 1156 1598 bellum
1173 1534 1334 1599 duceret:

285 1674 349 1739 hoo
384 1673 555 1737 interdurn
591 1672 761 1753 probabat
781 1674 817 1735 et
838 1671 873 1734 in
897 1688 938 1734 ea
958 1671 1130 1736 sententia
1154 1671 1336 1735 videbatur

285 1810 356 1874 fore
380 1814 414 1874 et
436 1809 558 1873 fuisset
579 1808 737 1890 fortasse,
761 1808 830 1871 nisi
852 1807 1003 1888 quiddam
1025 1826 1066 1872 ca
1084 1826 1205 1888 perpetu
1220 1809 1337 1888 coepis-

284 1950 332 2011 set
353 1950 427 2010 sacis
449 1947 610 2009 militibus
633 1945 800 2023 corridere.
823 1962 867 2009 ex
891 1948 1096 2026 eotempore
1114 1943 1231 2010 virille
1247 1961 1336 2008 sum-

285 2099 363 2148 mus
386 2083 500 2148 nullus
523 2083 708 2164 imperator
730 2081 813 2146 fuit:
838 2081 935 2161 signa
958 2081 1068 2146 tirone
1091 2086 1128 2146 et
1151 2080 1336 2146 collecticio

288 2220 440 2284 exercitu
464 2236 541 2284 cum
564 2218 753 2299 legionibus
771 2218 1021 2283 robustissimis
1032 2218 1198 2299 contulit;
1222 2219 1337 2283 victus

294 2357 491 2438 turpissime
525 2355 660 2420 amissis
689 2356 792 2420 etiam
815 2356 937 2421 castris
960 2355 1054 2422 solus
1076 2353 1196 2436 fugit.'’
1243 2356 1337 2436 Quae
1388 2397 1398 2413 ·

289 2495 331 2558 de
366 2493 648 2575 Pompeianorum
680 2493 829 2558 consiliis
862 2492 954 2574 (Cap.
988 2493 1128 2567 LXVII)
1152 2496 1337 2558 narrantur

288 2649 366 2695 cum
400 2631 464 2696 hoc
499 2630 668 2695 Ciceronis
700 2629 821 2694 iudicio
852 2630 938 2694 bene
962 2634 1164 2712 congruunt,
1187 2630 1338 2710 itemque

288 2768 331 2832 ad
367 2785 516 2849 pugnam
545 2766 650 2849 illam,
674 2785 777 2847 quam
800 2767 961 2850 Pompeio
984 2771 1164 2851 tantopere
1187 2769 1340 2832 animum

238 2966 242 2971 .
288 2904 458 2969 addidisse
483 2904 597 2969 Cicero
626 2904 818 2986 contendit,
842 2905 906 2969 hoc
930 2905 1085 2971 Caesaris
1108 2905 1236 2971 dictum
1259 2907 1339 2970 rele-
1437 2894 1441 2900 ’

171 3074 175 3081 2
289 3041 432 3106 rendum
468 3045 541 3105 esi:
577 3040 669 3121 (Cap.
704 3040 812 3116 LXV)
844 3042 1016 3115 »σήμερον
1041 3037 1084 3098 ἂν
1108 3037 1129 3112 ἡ
1156 3042 1229 3111 νίκη
1246 3045 1339 3114 παρὰ

290 3176 362 3241 τοῖς
378 3172 554 3241 πολεμίοις
573 3154 624 3241 ἦν,
640 3168 671 3226 εἰ
684 3169 745 3227 τὸν
761 3172 906 3225 νικῶντα
924 3158 1048 3240 εἶχον.”

334 3305 383 3370 De
417 3306 568 3388 Pompeii
602 3305 683 3387 luga
709 3305 795 3370 duae
818 3322 873 3371 res
896 3305 986 3387 apud
1011 3305 1206 3371 Ciceronem
1228 3305 1340 3386 legun·

291 3445 357 3522 tur,
383 3460 467 3523 quas
490 3442 696 3507 Plutarchus
719 3442 966 3523 praetermisit:
990 3442 1189 3523 Pompeium
1202 3442 1340 3523 eiusque

293 3580 435 3645 comites
466 3596 487 3643 a
515 3579 655 3644 Rhodiis
678 3596 746 3644 non
771 3596 846 3644 esse
869 3582 1026 3660 receptos
1049 3583 1085 3645 et
1107 3579 1263 3663 Paphum
1286 3596 1340 3661 ap·

294 3717 430 3799 pulisse.
476 3717 536 3798 Ep.
562 3716 604 3780 ad
628 3716 721 3781 Fam.
747 3715 825 3781 ΧΠ.
854 3716 903 3780 14.
929 3717 960 3800 3,
985 3716 1129 3799 Philipp.
1154 3716 1195 3782 ΙΙ.
1224 3718 1273 3783 15.
1286 3719 1339 3782 39.

342 3854 412 3936 „Ne
444 3853 563 3918 utilem
598 3853 734 3934 quidem
770 3853 868 3919 nobis
903 3871 978 3919 esse
1012 3854 1204 3919 futurarum
1228 3872 1342 3919 rerum

295 3990 495 4056 scientiam'
521 3991 685 4071 probatur
708 3990 859 4072 Pompeii
883 3992 1057 4073 exemplo:
1083 3991 1160 4068 (Cic.
1178 3991 1340 4058 deDivin.

296 4125 338 4191 Π.
378 4128 408 4192 9.
441 4125 506 4207 22.)
553 4125 628 4212 „An
659 4127 717 4194 Cn.
748 4126 948 4210 Pompeium
977 4147 1095 4194 censes
1130 4130 1240 4196 trihus
1271 4131 1342 4196 suis
