2970 5032
723 243 766 304 oh

213 441 359 522 gratiam
392 440 606 506 comitiorum
640 438 870 504 consularium
891 439 1090 504 dilationem
1113 439 1270 521 petisset,

214 577 370 659 sequenti
405 595 494 642 anno
531 594 665 642 summa
698 594 762 658 ope
801 576 916 640 enisus
950 580 1013 656 est,
1045 580 1086 640 ut
1109 575 1272 642 Afranius

216 714 333 780 consul
358 719 540 780 crearetur.
566 715 724 779 Pisonem
748 713 782 777 in
800 713 913 778 haere
926 713 1118 778 adiutorem
1131 713 1272 793 habuit;

216 852 405 934 supplenda
442 852 531 917 enim
565 855 647 916 sunt
678 850 850 916 Plutarchi
876 852 982 916 verba
1005 851 1205 916 testimonio
1229 851 1274 916 Ci-

217 991 366 1056 ceronis:
390 990 497 1072 Epist.
524 990 566 1053 ad
588 989 662 1053 Att.
691 989 716 1053 l.
748 990 798 1054 16.
826 990 876 1054 12.
902 994 977 1065 (scr.
1001 989 1132 1054 Romae
1156 1006 1276 1055 mense

215 1130 302 1195 Maio
337 1147 367 1194 a.
403 1130 458 1204 61)
496 1146 608 1212 „nunc
640 1131 694 1192 est
737 1127 949 1209 exspectatio
985 1126 1215 1211 comitiorum,
1240 1126 1276 1191 in

215 1284 303 1349 quae
327 1265 485 1332 omnibus
509 1265 627 1330 invitis
653 1264 763 1329 trudit
775 1264 919 1345 Magnus
931 1267 1048 1330 noster
1057 1263 1138 1329 Auli
1151 1263 1276 1349 filium,

215 1409 320 1485 atque
355 1404 390 1467 in
426 1421 465 1468 eo
489 1420 599 1483 neque
626 1403 832 1467 auctoritate
853 1419 963 1483 neque
990 1401 1101 1483 gratia
1128 1407 1279 1486 pugnat,

218 1542 277 1607 sed
301 1541 424 1623 quibus
454 1540 631 1622 Philippus
653 1540 767 1605 omma
794 1540 935 1606 castella
960 1540 1149 1623 expugnari
1171 1558 1280 1622 posse

219 1679 363 1751 dicebat,
382 1679 500 1744 consul
522 1682 659 1744 antem.
678 1729 684 1744 .
702 1728 708 1743 .
724 1728 731 1743 .
745 1678 939 1759 suscepisse
955 1677 1131 1759 negotium
1147 1678 1280 1745 dicitur

218 1821 253 1882 et
291 1817 380 1882 domi
418 1817 582 1881 divisores
617 1815 765 1895 habere;
788 1814 878 1895 'quod
900 1832 962 1896 ego
984 1832 1052 1879 non
1076 1814 1189 1898 crede,
1215 1819 1281 1882 sed

219 1958 361 2019 senatus
390 1953 546 2018 consulta
574 1953 639 2016 duo
661 1952 729 2015 iam
752 1952 948 2017 factasunt
971 1952 1098 2036 odiosa,
1122 1954 1218 2034 quod
1242 1955 1281 2020 in

218 2092 393 2156 consulem
417 2092 508 2155 iacta
529 2092 705 2172 putantur,
720 2089 849 2154 Catone
861 2093 897 2154 et
908 2089 1054 2155 Domitio
1064 2090 1283 2178 postulante,

219 2246 324 2293 unum
360 2232 399 2292 ut
435 2227 524 2308 apud
558 2226 782 2306 magistratus
814 2226 936 2306 inquiri
968 2227 1095 2310 liceret,
1125 2227 1283 2296 alterum

220 2366 316 2430 cuius
346 2364 436 2430 domi
462 2364 626 2428 divisores
650 2363 858 2445 habitarent,
882 2364 1047 2431 adversus
1071 2382 1143 2429 rem
1169 2369 1283 2447 publi-

221 2501 328 2567 cam.''
353 2501 463 2566 Aliter
487 2501 691 2566 Plutarchus
702 2518 775 2565 rem
788 2501 930 2582 exponit
941 2502 1149 2568 contendens
1161 2502 1284 2585 ipsum

221 2640 420 2721 Pompeium
455 2639 586 2703 civibus
620 2638 655 2701 in
690 2638 809 2702 hortos
832 2655 914 2702 suos
934 2637 1151 2704 venientibus
1171 2640 1284 2708 tribu-

220 2776 283 2840 tim
306 2775 486 2856 pecuniam
512 2773 677 2856 divisisse,
702 2777 821 2838 utens
844 2772 985 2839 Afranio
1010 2774 1217 2841 conciliaret.

262 2913 304 2976 ln
330 2911 482 2993 Pompeii
506 2914 620 2975 aetate
645 2910 826 2975 indicanda
849 2911 941 2992 (Cap.
963 2910 1087 2987 XLVI)
1103 2911 1284 2981 levisPln-

221 3049 332 3115 tarchi
350 3065 443 3113 error
465 3052 529 3112 est.
554 3047 735 3128 Pompeius
756 3048 857 3129 enirn,
870 3042 924 3102 ὅτι
940 3045 1001 3101 τὸν
1017 3047 1133 3118 τρίτον
1148 3050 1282 3120 θρίαμ-

198 3186 284 3281 ἱβον
315 3179 380 3240 ἀπὸ
407 3185 466 3254 τῆς
491 3183 605 3255 τρίτης
629 3175 769 3253 ἠπείρου
794 3181 988 3253 κατήγαγεν,
1023 3202 1091 3249 non
1115 3191 1187 3254 τοῖς
1204 3203 1280 3244 tat·
1331 3191 1337 3200 ·

225 3315 415 3389 taoaxovw
432 3318 611 3390 προσῆγεν)
632 3318 691 3382 sed
711 3317 778 3382 iam
792 3318 1060 3400 quadragenario
1073 3323 1180 3388 maior
1189 3331 1277 3391 erat.

224 3451 298 3516 Hoc
322 3452 371 3516 ita
392 3470 467 3517 sese
495 3453 621 3518 habere
644 3453 717 3536 ipse
740 3454 945 3521 Plutarchus
964 3457 1029 3523 alio
1040 3457 1113 3524 loco
1125 3462 1278 3527 testatur

224 3607 379 3671 narrans,
407 3590 607 3672 Pompeium
632 3609 736 3671 quum
758 3592 946 3657 exercitum
972 3594 1144 3676 colligeret
1167 3598 1202 3661 in
1226 3600 1277 3664 Pi·

224 3742 306 3790 ceno
326 3743 356 3790 a.
381 3727 424 3791 83
448 3727 570 3808 viginti
593 3731 665 3793 tres
684 3746 792 3793 annos
816 3733 936 3794 natum
959 3731 1064 3798 fuisse
1087 3733 1179 3817 (Cap.
1202 3737 1274 3811 Vl).

268 3999 367 4064 Nunc
399 4000 588 4086 videamus,
617 4020 704 4083 quae
725 4020 767 4068 ex
789 4004 962 4069 Plutarchi
987 4009 1157 4074 sententia
1181 4011 1273 4092 (Can.

224 4136 348 4212 XLVI)
386 4138 538 4220 Pompeii
573 4140 720 4206 conditio
755 4140 857 4207 luerit
883 4142 960 4207 inde
987 4161 1030 4209 ex
1058 4163 1097 4210 eo
1121 4150 1275 4230 tempore
