2970 5032
726 318 820 382 81‘

227 512 332 639 „Quid
353 515 459 594 ergo?
483 516 671 582 exereitum
692 516 891 603 retinentis,
917 538 994 585 eum
1007 521 1091 602 legis
1103 523 1174 589 dies
1188 529 1276 591 iran-

223 652 327 733 sierii,
353 653 521 718 rationem
545 654 662 717 haberi
686 655 826 736 placei?
850 657 933 721 rnihi
957 676 1038 723 vero
1063 677 1105 724 ne
1121 662 1276 729 absentis

222 789 369 873 quidem,
394 790 453 854 sed
477 807 555 854 eurn
578 791 612 855 id
636 791 756 857 datum
779 796 844 876 est,
869 793 952 858 illud
975 813 1044 859 una
1057 796 1175 862 datum
1188 801 1275 866 esi.”

266 926 351 991 Posi
385 943 425 991 ea
459 928 576 1006 verba,
608 946 696 1009 quae
719 947 824 1011 supra
847 935 1122 1018 commemoravi,
1146 935 1276 1000 Plutar-

132 1071 136 1076 ’
221 1064 306 1129 chus
339 1063 389 1129 iba
412 1065 540 1146 pergit:
586 1065 692 1139 »πρὸς
717 1068 826 1125 ταῦτα
853 1064 1079 1139 ἐνισταμένων
1104 1075 1173 1128 τῶν
1199 1075 1275 1146 περὶ

221 1209 367 1265 Κάτωνα
387 1212 444 1265 καὶ
469 1210 678 1269 κελευόντων
696 1210 834 1284 ἰδιώτην
850 1214 1032 1285 γενόμενον
1048 1216 1163 1273 καὶτὰ
1181 1213 1275 1273 ὀίιλα

220 1355 456 1424 καταθέμενον
479 1350 700 1427 εὑρίσκεσθαί
717 1374 750 1411 τι
767 1356 858 1430 παρὰ
878 1359 947 1415 τών
963 1360 1111 1415 πολιτῶν
1128 1353 1276 1428 ἀγαθὸν,

220 1481 282 1541 οὐκ
300 1480 461 1558 ἐξερίσας,
481 1480 552 1540 ἀλλ’
577 1472 651 1541 οἷον
672 1480 831 1558 ἡττηθεὶς
852 1482 871 1543 ὁ
890 1486 1066 1558 Πομπήιος
1076 1485 1223 1558 ὕποπτος
1233 1471 1276 1559 ἦν

218 1613 352 1679 μᾶλλον
372 1593 421 1665 ὧν
440 1605 577 1682 ἐφρόνει
594 1613 671 1684 περὶ
691 1606 897 1684 Καὶσαρος.”
944 1609 1038 1674 Haec
1073 1610 1146 1674 sine
1170 1610 1273 1675 dublo

220 1745 396 1812 referenda
429 1749 511 1810 suni
543 1763 611 1810 non
646 1746 689 1810 ad
714 1747 868 1827 Pompeii
891 1708 1033 1812 tertium
1057 1748 1274 1812 consulatum

221 1883 280 1948 sed
314 1882 357 1947 ad
381 1900 432 1966 ea,
468 1899 555 1963 quae
579 1899 608 1947 a.
635 1884 677 1948 50
700 1883 742 1947 de
765 1884 953 1964 provinciis
977 1883 1212 1949 consularibus
1237 1885 1272 1948 in

223 2025 342 2086 senatu
365 2024 444 2085 aeia
468 2024 559 2085 suni.

267 2295 345 2375 Cep.
380 2293 490 2371 LVII.
548 2295 657 2377 Magis
698 2296 875 2377 magisque
916 2295 1133 2378 perspicuum
1168 2294 1274 2360 fiebat

218 2436 356 2515 ternpus
390 2434 531 2514 instare,
567 2451 632 2515 quo
657 2433 699 2498 de
721 2433 917 2514 principatu
940 2433 1045 2498 armis
1068 2433 1272 2515 disceptare·
1344 2477 1347 2484 -

218 2574 285 2634 nur.
331 2569 443 2650 Quum
478 2570 568 2634 enirn
600 2573 680 2650 posi
704 2568 817 2634 Crassi
841 2572 877 2632 ei
899 2568 1010 2632 Juliae
1033 2572 1180 2633 moriem
1203 2569 1272 2633 iarn

218 2709 261 2773 ad
284 2708 412 2773 bellum
435 2725 472 2773 se
495 2725 550 2772 res
563 2710 758 2788 erupturae
781 2706 989 2788 viderentur,
1014 2705 1152 2770 sublata
1168 2706 1272 2770 affini·

217 2851 300 2931 iate,
325 2846 461 2913 sublato
486 2846 590 2911 eiiam
612 2845 681 2928 ille,
695 2845 752 2927 qui
765 2838 908 2917 ἔφεδρος
925 2846 987 2899 τοῦ
1005 2816 1270 2927 &aerumnae

217 2989 292 3049 turn
326 2985 459 3050 duabus
491 2983 567 3048 aliis
601 2984 704 3048 rebus
738 2981 922 3063 Pompeius
955 2980 1118 3045 incitatus
1142 2984 1205 3063 est,
1230 2984 1270 3045 ut

217 3122 318 3187 nimis
353 3121 424 3187 suis
448 3123 569 3203 opibus
593 3119 740 3185 confisus
764 3137 805 3184 ea
828 3135 950 3200 parare
973 3117 1170 3201 negligeret,
1199 3119 1268 3198 qui-

215 3261 280 3325 bus
302 3259 467 3325 munitior
489 3276 565 3324 esse
588 3258 767 3340 potuisset.
817 3256 960 3338 Neapoli
984 3273 1002 3320 e
1026 3257 1123 3335 gravi
1146 3257 1266 3320 inorbo

216 3399 406 3481 convaluii3
442 3413 618 3480 quaeres
653 3413 729 3460 oum
764 3398 840 3459 iola
874 3394 974 3458 ltalia
1005 3392 1112 3458 effusa
1136 3392 1268 3458 laetitia

215 3538 454 3619 celebraretur,
489 3535 563 3617 ipse
598 3533 709 3614 grauia
743 3531 900 3614 populari
932 3547 1073 3595 seeurus
1096 3530 1178 3594 nihil
1203 3530 1268 3595 sibi

214 3679 333 3740 eontra
366 3673 545 3739 Caesarem
581 3670 685 3737 armis
720 3672 781 3733 aul
803 3667 922 3733 labore
947 3685 1032 3748 opus
1056 3684 1131 3732 esse
1154 3666 1267 3748 opina-

214 3812 325 3875 batur.
372 3810 419 3876 Eo
453 3801 607 3892 accessit}
642 3781 736 3889 quod
755 3805 902 3888 Appius,
927 3804 984 3885 qui
1009 3804 1093 3868 duas
1117 3803 1267 3883 legiones

214 3946 367 4012 eGallia
400 3948 595 4028 reduxerat,
629 3944 717 4010 falsa
750 3938 886 4007 reiiulit'
922 3941 962 4004 de
997 3940 1110 4004 animo
1135 3939 1261 4022 hostili,

213 4101 314 4165 quem
337 4085 371 4148 in
396 4084 577 4149 Caesarem
599 4082 725 4147 milites
748 4081 927 4144 haberent.
951 4077 1006 4140 Ad
1030 4077 1175 4141 alteram
1192 4094 1265 4140 rern

212 4240 335 4305 operae
359 4221 507 4303 pretium
531 4224 585 4285 esi
608 4220 743 4284 diversa
768 4217 937 4282 Ciceronis
960 4216 1082 4280 iudicia
1095 4214 1264 4279 conferre:

1108 4355 1128 4415 6
