2970 5032
715 240 756 304 52

213 438 313 503 huius
351 438 613 504 necessitudinis
648 455 784 520 causae,
812 441 851 503 ut
887 456 928 504 ea
962 442 1056 504 recte
1088 438 1265 503 aestimari

214 574 356 658 possint,
379 593 466 656 quae
487 576 522 640 in
543 575 713 641 Ciceronis
736 576 890 658 epistolis
902 577 967 642 hoc
975 576 1144 659 temporis
1154 575 1266 658 spatio

213 714 413 796 conscriptis
433 715 475 779 de
502 710 662 796 Pompelo
687 715 880 780 traduntur.

257 853 294 932 Q.
330 851 459 917 Tullius
492 852 607 918 Cicero
639 852 674 915 in
705 852 790 917 libro
815 851 856 916 de
879 851 1044 933 petitione
1067 851 1271 917 consulatus

214 990 278 1062 (13.
315 990 368 1064 51)
402 988 545 1054 fratrem
580 989 628 1053 sic
661 989 842 1054 admonet:
892 988 1127 1073 „efficiendum
1163 988 1272 1054 etiam

214 1126 295 1191 illud
320 1130 387 1208 est,
412 1131 452 1192 ut
474 1127 586 1191 sciant
609 1143 728 1192 omnes
751 1127 810 1193 Cn.
836 1126 988 1208 Pompeii
1005 1143 1274 1193 summamesse

215 1280 295 1343 erga
329 1269 365 1328 te
395 1263 609 1328 voluntatem
633 1267 669 1328 et
692 1264 913 1328 vehementer
935 1263 979 1329 ad
1002 1262 1093 1329 illius
1115 1263 1276 1330 rationes

214 1406 249 1466 te
285 1401 317 1465 id
342 1401 492 1483 assequi,
517 1400 606 1482 qood
630 1401 735 1483 petis,
760 1398 961 1482 pertinere.''
1010 1400 1138 1466 Eadem
1163 1382 1274 1467 Marci

215 1537 386 1603 sententia
410 1540 503 1603 erat:
528 1537 713 1619 scripserat
735 1537 826 1602 enim
849 1537 967 1603 Attico
991 1553 1109 1602 mense
1125 1537 1277 1618 Quintili

216 1693 245 1740 a.
270 1677 323 1758 65,
348 1691 453 1756 quum
476 1693 496 1740 a
519 1691 580 1756 spe
603 1673 803 1739 consulatus
826 1674 930 1738 etiam
953 1673 1087 1754 longius
1109 1675 1277 1742 abesset:

216 1813 280 1888 (ad.
315 1812 391 1878 Att.
426 1812 451 1878 I.
490 1813 518 1876 1.
554 1813 586 1886 2)
624 1811 737 1896 „illam
771 1828 912 1875 manum
942 1815 982 1876 tu
1016 1809 1099 1874 mihi
1123 1827 1208 1875 cura
1234 1816 1279 1877 ut

216 1957 387 2033 praestes,
412 1951 572 2032 quoniam
597 1949 735 2030 propius
758 1950 849 2030 abes,
864 1948 1016 2030 Pompeii
1028 1948 1137 2014 nostri
1149 1950 1278 2032 amiei;

217 2108 303 2171 nega
338 2106 393 2154 me
428 2089 458 2152 ei
481 2088 607 2152 iratum
631 2085 719 2168 fore,
743 2085 771 2150 si
795 2086 838 2149 ad
862 2103 939 2150 mea
962 2086 1100 2151 comitia
1124 2102 1193 2150 non
1221 2106 1280 2154 ve

218 2223 338 2292 nerit.''

262 2363 374 2426 Etiam
412 2365 490 2442 post
512 2359 739 2424 consulatum
775 2358 889 2424 Cicero
924 2359 957 2423 id
992 2359 1074 2440 egit,
1110 2365 1150 2426 ut
1181 2378 1281 2442 quae

219 2500 368 2581 lecisset,
404 2497 564 2578 Pompeio
599 2498 774 2578 probaret3
807 2496 896 2561 hano
926 2499 1065 2563 obrem
1089 2497 1280 2579 epistolam

219 2637 261 2701 ad
297 2653 374 2700 eum
410 2634 504 2699 misit
540 2634 601 2717 „de
636 2632 707 2698 suis
724 2687 725 2691 ,
745 2635 846 2698 rebus
881 2634 988 2714 gestis
1011 2637 1045 2699 et
1069 2634 1111 2698 de
1134 2651 1279 2702 summa

219 2773 413 2856 republica”
439 2774 499 2854 (p),
524 2788 635 2851 neque
657 2772 873 2836 stomachum
897 2771 1111 2837 dissimulare
1137 2773 1276 2859 potuit,

219 2929 296 2977 corn
329 2909 512 2991 Pompeius
546 2926 613 2973 non
649 2908 735 2973 satis
765 2909 808 2972 ad
840 2925 880 2973 ea
903 2909 1057 2973 animum
1079 2910 1276 2978 attendisse

134 3078 137 3083 ’
219 3049 407 3113 videretur:
431 3045 537 3128 Epist.
562 3044 605 3108 ad
629 3043 722 3109 Fam.
746 3044 788 3111 V.
815 3046 844 3110 7.
873 3046 903 3109 3.
929 3050 1004 3121 (sor.
1028 3046 1158 3111 Romae
1181 3063 1212 3112 a.
1225 3049 1273 3113 62

218 3185 261 3249 ad
296 3183 506 3266 Pompeium)
545 3198 604 3267 „ao
638 3199 681 3245 ne
713 3181 866 3265 ignores,
891 3181 976 3262 quid
993 3182 1029 3246 in
1053 3183 1122 3248 tuis
1145 3182 1273 3249 litteris

218 3330 337 3407 („quas
368 3320 502 3403 publice
536 3317 694 3395 misisti’)
728 3320 962 3404 desiderarim,
999 3321 1147 3386 scribam
1177 3339 1272 3403 aper·

217 3466 252 3524 te
267 3510 293 3524 ..
310 3509 316 3524 .
331 3478 359 3524 .:
393 3475 448 3522 res
472 3475 530 3522 eas
553 3457 663 3540 gessi,
688 3475 832 3538 quarum
856 3458 1006 3538 aliquam
1030 3459 1066 3524 in
1090 3459 1159 3524 tuis
1182 3459 1270 3525 litte-

217 3598 264 3662 ris
314 3599 349 3661 et
394 3598 532 3660 nostrae
563 3594 823 3660 necessitudinis
858 3598 892 3659 et
926 3595 1132 3678 reipublicae
1166 3615 1272 3664 causa

217 3733 482 3814 gratulationem
499 3732 733 3812 exspectavi.''
758 3731 890 3799 Verba:
907 3733 1132 3819 „reipublicae
1143 3737 1270 3800 causa”

218 3869 403 3935 ostendunt
436 3869 657 3950 quamobrem
682 3867 796 3933 Cicero
821 3870 972 3952 Pompeii
995 3872 1271 3938 benevolentiam

250 4151 283 4223 (5)
301 4151 354 4205 Cic.
373 4167 422 4221 pro
440 4149 515 4204 Sulla
533 4149 578 4204 ol.
598 4150 641 4204 67.
