2970 5032
723 361 767 425 91

216 559 324 639 primo
357 558 509 623 adventu
543 559 754 641 colloquendi
785 561 932 626 facultas
963 561 1119 644 daretur-3
1151 580 1266 628 coram

217 696 307 760 enim
331 695 372 760 de
391 696 548 761 omnibus
560 697 809 794 conditionibus
823 697 1012 778 disceptare
1024 697 1143 763 voluit.
1157 697 1266 774 (Caes.

138 831 141 839 '
218 833 258 897 de
277 832 371 897 Bello
394 832 464 897 Civ.
478 832 501 896 Ι.
516 834 580 909 24).
604 833 655 897 Ex
668 834 721 899 his
734 851 821 915 quae
834 834 875 899 de
884 834 916 899 N
919 884 925 899 .
938 833 1048 915 Magio
1061 834 1155 916 pacis
1166 835 1266 900 inter-

216 974 312 1050 prete
334 969 462 1034 tradita
485 973 576 1054 sunt,
592 970 694 1036 simul
705 975 859 1054 apparet,
873 975 1043 1052 quatenus
1059 970 1265 1038 Plutarchus

187 1168 191 1173 .
216 1107 281 1171 fide
297 1107 419 1188 dignus
429 1109 475 1173 sit
488 1125 665 1174 enarrans:
687 1074 779 1190 (Cup.
803 1107 941 1183 LXIII)
956 1103 1266 1178 „deprominus-

216 1266 280 1327 σοιρ
290 1248 377 1327 έργῳ
389 1255 523 1328 σφόδρα
532 1254 744 1325 φοβούμενος
753 1254 813 1311 τὸν
817 1251 1063 1328 χρόνον.“Ελών
1068 1255 1131 1330 γὰρ
1140 1256 1268 1326 Νουμέ·

216 1411 292 1467 ριον
308 1395 487 1463 Πομπηίου
508 1394 609 1465 φίλον
624 1390 822 1451 ἀπέστειλεν
840 1393 888 1463 εἰς
906 1393 1106 1468 Βρεντέσιον
1123 1391 1177 1452 ἐπὶ
1195 1403 1268 1467 τοῖς

216 1518 303 1592 ἴσοις
320 1519 423 1593 ἀξιῶν
441 1524 671 1594 διαλλαγῆναι.
691 1521 881 1597 Νουμέριος
898 1523 935 1580 δέ
955 1525 1120 1597 Πομπηίῳ
1138 1524 1267 1597 συνεξέ-

215 1659 390 1715 πλευσεν.”
414 1659 463 1723 De
486 1658 522 1723 L.
548 1658 692 1723 Caesare
716 1659 773 1740 qui
796 1659 865 1723 iam
889 1662 969 1724 ante
991 1661 1031 1725 N.
1054 1660 1203 1741 Magium
1226 1662 1267 1726 de

216 1812 300 1875 pace
323 1795 449 1860 missus
484 1800 559 1861 erat
582 1796 787 1861 Plutarchus
817 1800 919 1861 tacet.
968 1796 1014 1861 cf.
1039 1796 1099 1878 Ep.
1124 1797 1167 1861 ad
1191 1799 1265 1865 Att.

218 1931 291 1997 Vll.
319 1933 458 2014 13—18,
485 1933 580 1997 Caes.
606 1932 647 1996 de
670 1933 764 1997 Bello
789 1933 860 1998 Ciu.
885 1932 910 1998 l.
935 1934 1055 1998 8-14.

164 2052 168 2067 '
262 2067 460 2149 Antequam
495 2069 677 2151 Pompeius
706 2069 779 2150 ipse
803 2069 983 2134 Brundisio
1007 2069 1179 2151 profectus
1203 2075 1267 2153 est,

218 2208 352 2285 partem
365 2204 539 2287 copiarum
552 2223 629 2271 cum
643 2205 838 2271 consulibus
851 2205 1036 2286 praemisit.
1063 2205 1142 2286 Cap.
1155 2205 1265 2272 LXll:

219 2330 261 2399 „d
281 2335 373 2392 δὲτὸ
392 2334 593 2408 Βρεντέσιον
601 2336 780 2406 κατασχών
787 2338 844 2392 καὶ
852 2337 981 2392 πλοίων
990 2331 1177 2409 εὐπορήσας
1187 2336 1268 2407 τοὺς

213 2463 274 2532 μέν
298 2459 447 2535 ὑπάτους
472 2460 579 2536 ἐὐθὺς
605 2461 790 2535 ἐμβιβάσας
815 2467 872 2520 καὶ
896 2460 965 2533 μετ’
999 2461 1112 2521 αὐτῶν
1129 2466 1266 2539 σπείρας

215 2598 398 2673 τριάκοντα
423 2599 676 2673 προεξέπεμψεν
701 2599 749 2670 εἰς
770 2597 992 2674 Δυρράχιον.”
1039 2601 1128 2665 Hinc
1150 2618 1266 2665 rumor

219 2730 354 2800 exstitit
376 2735 489 2817 ipsum
512 2753 590 2800 curn
614 2735 772 2800 omnibus
794 2734 960 2800 militibus
984 2753 1014 2800 a.
1039 2736 1070 2801 d.
1095 2736 1152 2801 IV.
1177 2736 1264 2802 Non.

216 2872 314 2938 Mart.
345 2889 453 2938 naves
486 2872 732 2937 conscendisse.
774 2871 844 2952 (Ep.
876 2871 918 2936 ad
948 2872 1023 2937 Ait.
1060 2871 1121 2938 IX.
1158 2874 1188 2937 6.
1222 2874 1283 2946 3).4

219 3008 370 3074 Ciceroni
398 3013 515 3074 autem
538 3008 639 3090 paulo
663 3007 852 3090 postellus
876 3008 1017 3074 nuntius
1041 3008 1263 3093 afferebatur3

216 3146 289 3227 ipse
319 3145 413 3210 Matii
443 3145 649 3211 etT1⁴ebatii
674 3145 839 3226 epistolae
863 3145 1058 3227 exemplum
1082 3147 1266 3212 memoriae

213 3282 385 3362 prodidit:
415 3283 485 3364 (Ep.
517 3282 560 3347 ad
589 3282 664 3347 Att.
689 3281 751 3347 lX.
779 3283 829 3347 15.
854 3284 886 3357 6)
913 3281 1018 3367 „Cum
1043 3282 1159 3364 Capua
1183 3284 1277 3362 exis-¹

214 3437 339 3503 senius
363 3419 398 3484 in
420 3420 541 3485 itinere
565 3419 759 3485 audivimus
782 3419 984 3502 Pompeium
995 3419 1175 3486 Brundisio
1188 3438 1218 3485 a.
1233 3421 1264 3487 d.

214 3556 299 3620 XVI
333 3556 410 3624 Kal.
436 3557 519 3639 Apr.
545 3574 622 3622 cum
647 3557 805 3622 omnibus
829 3557 945 3640 copiis,
970 3575 1056 3638 quas
1079 3574 1196 3623 secum
1211 3559 1266 3623 lra-

215 3695 337 3778 buerlt‚
373 3695 564 3776 profectum
595 3713 686 3771 esse;
712 3694 892 3761 Caesarem
916 3697 1053 3776 postero
1078 3694 1131 3759 die
1154 3695 1188 3758 in
1213 3713 1267 3776 op·

216 3832 332 3912 pidum
355 3831 525 3914 introisse,
550 3832 784 3897 contionatum
808 3848 893 3914 esse,
918 3830 996 3895 inde
1020 3831 1165 3895 Romam
1193 3848 1266 3896 con·

215 3969 375 4053 tendisse,
410 3969 498 4035 velle
531 3974 612 4034 ante
634 3969 711 4035 Kal.
736 3986 811 4034 esse
835 3968 1021 4056 adurbern
1045 3971 1080 4032 et
1103 3968 1268 4049 pauculos

217 4105 288 4171 dies
321 4107 367 4171 ibi
398 4106 612 4187 cormnorari,
642 4105 762 4171 deinde
791 4106 826 4170 in
857 4104 1042 4186 Hispanias
1065 4100 1264 4185 proficisci.'’

217 4244 341 4308 Caesar
368 4243 484 4324 itaque
508 4217 688 4324 sexaginta
712 4242 830 4307 diebus
854 4241 945 4307 nullo
970 4241 1135 4322 sanguine
1159 4241 1266 4306 effuso
