2970 5032
762 345 802 410 10

254 545 394 626 poribus
424 548 460 609 et
482 543 582 609 malis
605 547 724 609 coacta
748 537 973 608 domesticis.''
1022 541 1250 607 Praesertim:
1271 541 1306 604 in

257 681 354 748 Catil.
378 681 419 745 Π.
444 683 475 747 9.
489 682 541 746 20.
558 685 696 766 „tantus
706 679 842 744 illorum
854 677 1094 755 (Sullanorum)
1109 682 1303 768 temporum

257 817 351 884 dolor
386 819 521 883 inustus
545 821 599 883 est
622 817 763 901 civitati,
787 820 827 881 ut
853 816 922 880 iam
942 816 1011 882 ista
1032 833 1100 880 non
1123 815 1223 880 modo
1247 814 1303 879 lro·

257 959 365 1023 mines
389 958 448 1023 sed
472 975 514 1023 ne
537 957 684 1039 pecudes
707 956 843 1037 quidem
865 956 947 1019 mihi
971 972 1135 1037 passurae
1160 931 1235 1020 esse
1259 956 1304 1020 vi·

257 1097 433 1162 deantur.’'
483 1097 659 1183 „Regnum
685 1092 884 1162 Sullanum’
910 1113 930 1160 a
954 1095 1113 1160 Cicerone
1136 1111 1177 1159 ea
1204 1095 1306 1160 dorni·

257 1237 350 1302 natio
373 1239 527 1319 vocatur,
551 1252 638 1316 quae
661 1238 696 1300 et
718 1251 739 1299 a
762 1233 922 1314 Pompeio
951 1238 986 1298 et
1009 1251 1030 1298 a
1054 1233 1200 1299 Caesare
1212 1251 1309 1315 quae·

257 1373 417 1451 rebatur;
451 1372 560 1453 iisque
595 1371 779 1454 opponitur
812 1370 869 1435 ille
889 1371 1084 1436 moderator
1109 1371 1182 1456 „cui
1204 1372 1306 1436 beata

259 1509 384 1574 civium
422 1509 495 1574 vita
529 1509 705 1590 proposita
742 1509 827 1574 est.’'
864 1507 980 1590 (Epist.
1017 1507 1059 1572 ad
1098 1508 1172 1574 Att.
1216 1508 1308 1575 VHl.

263 1646 313 1711 11.
340 1647 381 1720 2).
409 1680 440 1689 -

307 1922 384 2003 Cup.
427 1919 481 1987 VI.
514 1921 563 1986 De
584 1921 625 1986 iis
648 1921 760 2005 rebus,
785 1938 870 2001 quas
893 1920 1076 2002 Pompeius
1100 1921 1206 2001 gessit
1229 1925 1311 1987 ante

259 2058 373 2125 Sullae
407 2057 595 2123 adventum
625 2058 660 2122 in
682 2057 828 2141 ltaliam,
851 2057 1119 2139 comparandum
1143 2061 1217 2124 est:
1243 2058 1308 2123 Cic.

259 2212 320 2276 pro
351 2196 424 2275 lege
447 2195 536 2260 Man.
564 2196 613 2259 10.
639 2195 691 2259 28.
718 2193 820 2279 „Quis
844 2194 946 2274 igitur
970 2195 1035 2259 hoc
1057 2195 1194 2261 homine
1219 2196 1251 2272 (i.
1281 2214 1309 2262 e.

260 2332 432 2414 Pompeio)
467 2331 626 2398 scientior
649 2328 696 2396 rei
721 2331 877 2397 militaris
900 2348 1064 2413 umquam
1091 2336 1152 2398 aut
1173 2333 1239 2399 luit
1250 2339 1312 2399 aut

262 2487 336 2535 esse
369 2469 514 2535 debuit?
549 2468 612 2550 Qui
651 2486 670 2534 e
701 2469 780 2535 ludo
804 2474 907 2550 atque
935 2471 1101 2551 pueritiae
1126 2471 1312 2553 disciplinis

261 2607 349 2673 bello
372 2607 522 2672 maximo
546 2610 649 2689 atque
672 2607 845 2672 acerrimis
869 2607 1028 2673 hostibus
1044 2608 1088 2672 ad
1100 2609 1208 2690 patris
1221 2626 1313 2672 exer·

262 2745 367 2809 citum
391 2748 494 2825 atque
517 2745 552 2809 in
570 2743 712 2809 militiae
739 2744 952 2826 disciplinam
976 2744 1148 2826 profectus
1166 2749 1220 2811 est
1233 2767 1240 2828 ;
1253 2746 1310 2827 qui

212 2867 214 2872 ’
260 2885 415 2946 extrema
450 2881 595 2961 pueritia
622 2881 721 2946 miles
744 2881 779 2945 in
804 2881 955 2947 exercitu
977 2880 1043 2947 luit
1066 2882 1190 2947 summi
1210 2882 1312 2964 impe·

260 3017 394 3100 ratoris,
419 3017 558 3082 ineunte
581 3017 810 3083 adolescentia
833 3018 975 3083 maximi
987 3019 1060 3100 ipse
1073 3018 1243 3083 exercitus
1255 3018 1313 3082 im·

260 3150 430 3236 perator.’'
475 3153 650 3219 Drumann
683 3155 753 3230 (IV.
777 3173 854 3237 pag.
878 3157 954 3230 325)
980 3155 1154 3221 euidenter
1179 3155 1314 3220 demon·

261 3290 386 3356 stravit
416 3290 500 3356 haec
535 3292 640 3356 verba
672 3291 891 3372 intelligenda
915 3309 991 3357 esse
1015 3292 1055 3357 de
1079 3292 1167 3359 bello
1197 3292 1313 3358 sociali

262 3426 342 3491 anni
364 3428 418 3511 89,
441 3427 482 3492 dc
505 3427 593 3493 bello
618 3428 708 3494 civili
732 3430 812 3493 anni
836 3431 878 3494 87
904 3432 938 3495 et
962 3429 1004 3493 de
1022 3430 1235 3511 temporibus
1247 3429 1312 3495 sul·

261 3564 358 3630 lanis.
405 3564 497 3644 Quae
527 3565 630 3644 igitur
654 3565 768 3630 Cicero
791 3565 939 3631 indicat:
967 3569 1143 3649 „extrema
1166 3567 1312 3648 pueritia

185 3688 186 3709 ²
262 3701 360 3766 miles
397 3701 431 3764 in
467 3700 618 3766 exercitu
654 3702 778 3767 summi
814 3700 1062 3786 irnperatoris,''
1105 3704 1313 3807 conueniunt

263 3855 339 3904 cum
372 3837 452 3918 Cap,
487 3835 535 3900 ΠΙ
576 3833 645 3922 „dn
671 3837 708 3895 ot
725 3836 903 3912 μειράκιον
919 3833 967 3896 ὥν
982 3835 1312 3912 montismorenciaci

261 3974 362 4046 πατρὶ
374 3970 684 4044 συστρατευόμενος
692 3967 958 4045 ἀντιτεταγμένῳ
966 3972 1049 4045 πρὸς
1061 3974 1219 4031 Κίνναν.”
1241 3972 1312 4038 Bel·

262 4106 333 4172 lum
356 4106 480 4172 sociale
503 4110 628 4190 autem,
653 4124 719 4188 quo
744 4107 848 4172 etlam
872 4107 985 4174 Cicero
1007 4109 1118 4191 prima
1142 4111 1311 4192 stipendia

262 4247 444 4326 meruerat,
477 4243 682 4308 Plutarchus
713 4244 849 4335 omnino
873 4244 908 4308 in
935 4246 999 4310 hac
1020 4246 1102 4312 Vita
1125 4249 1310 4328 praeteriit.
1343 4277 1345 4280 >
