2970 5032
727 330 769 394 55

217 529 382 612 temporis
424 528 505 595 ordo
530 528 713 609 negligitur
737 528 771 592 in
794 528 859 592 hac
882 526 1086 592 narratione.
1134 525 1269 591 Clodius

217 668 354 750 quidem
387 667 456 732 iam
487 685 526 732 eo
550 671 705 748 tempore
729 665 880 730 Ciceroni
903 666 1068 731 molestus
1092 668 1185 747 erat,
1209 663 1268 729 sed

217 823 433 888 nequaquam
467 809 605 871 tantum
637 803 794 886 valebat,
818 808 857 868 ut
880 802 1063 884 Pompeius
1086 819 1123 866 se
1146 801 1176 866 ei
1199 817 1270 883 per-

217 942 352 1008 misisse
374 942 440 1007 dici
463 947 590 1024 posset.
625 943 677 1007 Ne
699 942 764 1008 hoc
787 941 955 1006 accideret
967 943 1002 1004 et
1014 942 1054 1004 ut
1065 939 1138 1020 ipse
1150 940 1269 1004 contra

218 1081 371 1147 Clodium
417 1084 453 1147 et
486 1080 702 1163 popularium
740 1080 924 1145 factionem
957 1078 1121 1143 munitior
1157 1082 1273 1160 esset,

218 1218 333 1321 Cicero
367 1221 440 1282 tam
474 1217 686 1282 familiariter
720 1216 881 1298 Pompeio
914 1216 1086 1280 utebatur.
1121 1213 1270 1279 Videbat

217 1356 308 1422 enim
331 1373 369 1421 se
392 1355 476 1420 nihil
499 1372 637 1437 sperare
659 1371 761 1437 posse
784 1356 827 1419 ab
851 1353 917 1419 illis
934 1351 1167 1435 optimatibus,
1184 1369 1275 1433 quos.

216 1493 401 1558 Rhintonis
424 1492 592 1558 versiculo
615 1491 791 1574 praeclare
815 1490 1015 1572 descripsit:

283 1621 341 1690 „oi
356 1623 420 1693 μὲν
435 1618 510 1696 παρ’
530 1619 632 1680 οὐδέν
649 1621 724 1688 εἱσι,
742 1629 814 1693 τοῖς
830 1620 860 1678 δ’
878 1617 979 1679 οὐδὲν
994 1620 1116 1692 persis
1134 1624 1175 1691 (S)

260 1760 435 1826 intellexit
469 1778 506 1826 se
541 1760 633 1826 omni
667 1760 795 1825 auxilio
829 1760 1032 1826 destitutum
1057 1762 1270 1828 inimicorum

216 1896 295 1963 telis
333 1897 504 1962 obiectum
538 1896 629 1980 iore,
662 1897 691 1961 si
726 1896 874 1962 salutem
909 1916 1008 1962 suam
1044 1900 1270 1966 commisisset

218 2032 283 2100 illis
320 2031 563 2119 „piscinariis'’‚
606 2033 682 2118 „qui
721 2034 771 2099 ita
802 2038 884 2099 sunt
918 2035 1034 2116 stulti,
1070 2040 1110 2100 ut
1142 2037 1269 2103 amissa

218 2171 390 2253 republica
424 2172 574 2253 piscinas
608 2189 689 2237 suas
724 2172 795 2237 fore
822 2172 939 2238 salvas
974 2191 1112 2254 sperare
1135 2175 1269 2240 videan-

216 2309 306 2372 tur.''
342 2311 384 2384 (ll
441 2308 641 2389 Pompeium
684 2309 787 2389 igitur
822 2309 884 2374 sibi
924 2310 1094 2377 devincire
1130 2314 1270 2395 cupiens

217 2442 331 2508 Cicero
367 2461 505 2524 operam
530 2444 640 2527 dedit,
665 2449 705 2510 ut
728 2444 784 2509 lex
807 2445 926 2510 Flavia
949 2447 1165 2528 perferretur.
1212 2449 1269 2514 Le-

215 2581 305 2647 viter
338 2580 544 2646 Plutarchus
580 2581 667 2646 hanc
701 2580 812 2661 legem
846 2582 1033 2662 significat:
1065 2585 1161 2660 (Cato
1184 2586 1263 2652 Min.

215 2718 296 2800 Cap.
331 2718 466 2793 XXXI)
504 2716 771 2803 ,,έλαττούμενος
798 2712 817 2772 ὁ
844 2718 1021 2789 Πομπήιος
1039 2715 1076 2775 ἐν
1093 2721 1266 2794 συγκλήτῳ

214 2853 273 2906 παὶ
290 2853 499 2921 δημαγωγῶν
515 2845 569 2906 ἐπὶ
581 2847 688 2919 νομὴν
700 2847 814 2921 χώρας
826 2843 940 2904 ἐκάλει
949 2849 989 2905 τὸ
1000 2853 1267 2923 στρατιωτικόν.”

215 2986 273 3053 ci:
309 2984 375 3051 Cic.
410 2984 470 3065 Ep.
504 2983 546 3047 ad
570 2983 645 3047 Att.
670 2982 695 3047 I.
723 2983 773 3047 19.
798 2982 818 3045 4
842 2988 917 3058 (scr.
943 2985 1071 3049 Romae
1094 2985 1142 3051 id.
1166 2986 1264 3053 Mart.

214 3141 244 3189 a.
269 3124 323 3197 60)
358 3122 529 3206 „urbanae
564 3123 679 3183 autem
715 3136 771 3184 res
806 3119 855 3184 sic
890 3138 926 3185 se
957 3120 1107 3188 habent:
1132 3124 1265 3203 agraria

213 3260 269 3324 lex
304 3277 324 3324 a
354 3257 472 3323 Flavio
496 3255 633 3320 tribuno
657 3255 703 3337 pl.
727 3256 948 3321 vehementer
972 3259 1168 3338 agitabatur
1192 3278 1265 3324 auc·

213 3400 287 3461 tore
321 3394 497 3477 Pompeio,
533 3410 620 3473 quae
655 3391 738 3455 nihil
770 3392 933 3473 populare
956 3394 1106 3460 habebat
1129 3401 1265 3477 praeter

214 3539 397 3599 auctorem.
433 3549 476 3596 ex
507 3531 572 3595 hac
602 3547 663 3610 ego
687 3529 762 3609 lege
786 3531 935 3595 secunda
959 3533 1127 3598 contionis
1150 3535 1265 3599 volun-

212 3675 285 3736 tate
324 3668 438 3736 omnia
472 3667 531 3732 illa
562 3665 744 3748 tollebam,
783 3683 871 3747 quae
906 3667 948 3731 ad
982 3668 1195 3749 privatorum
1218 3672 1264 3735 in·

214 3807 427 3873 commodum
462 3804 696 3886 pertinebant;
711 3853 811 3868 .....
836 3803 914 3868 huic
936 3805 1001 3869 toti
1024 3807 1147 3872 rationi
1171 3826 1263 3888 agra·

581 3952 930 3961 ——r·=.---—-.-.-..-.
937 3954 1092 3963 ——..,-

248 4026 623 4102 pmmmnma

248 4143 288 4216 (†)
307 4145 354 4215 Ep.
376 4144 409 4197 ad
427 4145 482 4197 nrt.
505 4143 524 4195 Ι.
541 4141 585 4194 le,
606 4140 631 4194 6.

321 4275 333 4309 »
386 4275 398 4308 n
448 4274 460 4307 u
503 4252 628 4309 l.l8.d.
