2970 5032
717 214 758 278 72

211 432 413 482 conversam
436 413 609 480 fortunam
633 430 733 495 aegre
756 412 883 496 tulerit,
897 411 1046 512 cernitur
1061 411 1267 494 exepistola

213 553 257 618 ad
293 552 476 618 Lentulum
510 570 574 618 scr.
610 553 740 617 Romae
774 567 891 616 mense
926 549 998 615 Ian.
1034 565 1064 614 a.
1102 550 1168 614 55:
1206 548 1264 624 (ad

214 689 307 755 Fam.
343 689 368 755 I.
404 691 435 755 8.
467 691 498 764 2)
532 689 612 774 „sed
640 692 675 754 te
698 706 766 754 non
790 687 964 771 praeterit,
989 703 1091 785 quam
1115 686 1161 751 sit
1184 685 1268 750 diffi-

214 826 277 891 cile
312 844 451 892 sensum
470 827 520 896 vin
543 825 727 908 republica,
751 825 953 908 praesertim
977 827 1108 890 rectum
1132 826 1167 888 et
1190 841 1268 888 con·

214 959 398 1047 firmatum,
423 963 591 1046 deponere
595 1012 679 1030 .....
705 962 853 1043 dignitas
864 962 899 1027 in
911 961 1091 1028 sententiis
1104 960 1266 1043 dicendis,

147 1078 148 1081 Ἴ
215 1103 355 1169 libertas
379 1104 414 1168 in
437 1101 610 1184 republica
634 1100 852 1182 capessenda,
877 1117 917 1165 ea
932 1099 1071 1165 sublata
1086 1101 1161 1164 tota
1172 1104 1267 1182 sunt,

215 1259 278 1307 neo
312 1240 395 1305 mihi
425 1240 535 1321 magis
559 1257 662 1320 quam
686 1239 864 1319 omnibus;
889 1255 970 1302 nam
994 1240 1055 1302 aut
1077 1237 1268 1302 adsentien-

216 1379 298 1444 dum
321 1381 375 1443 est
398 1376 491 1441 nulla
515 1377 788 1458 cumgravitate
811 1376 939 1458 paucis,
964 1379 1025 1441 aut
1048 1375 1175 1440 frustra
1199 1375 1262 1439 dis·
1358 1394 1362 1401 ·

216 1513 446 1588 sentiendum3
554 1517 765 1579 commutata
799 1516 874 1578 tota
911 1512 999 1577 ratio
1034 1516 1088 1578 est
1114 1515 1267 1595 senatuS,

215 1651 426 1736 iudiciorum,
451 1651 499 1716 rei
523 1651 632 1716 totius
656 1649 844 1733 publicae.'’

258 1788 385 1854 Eodem
420 1789 484 1853 hoc
515 1789 626 1871 capite
661 1787 865 1853 Plutarchus
900 1789 1048 1870 enarrat,
1082 1786 1206 1868 quain
1230 1803 1268 1851 re

216 1926 431 1990 Marcellinus
479 1925 678 2006 Pompeium
727 1925 847 2008 „nimis
890 1920 1030 2006 aspere''
1064 1922 1270 1988 tractaverit

218 2061 289 2144 (Ep.
314 2061 357 2126 ad
381 2063 418 2144 Q.
442 2062 481 2127 ir.
507 2061 547 2126 Π.
573 2063 603 2126 4.
629 2063 670 2136 5).

266 2268 343 2348 Cup.
368 2267 446 2332 LII.
492 2265 676 2347 Pompeius
711 2270 746 2331 et
780 2266 923 2331 Crassus
955 2266 1080 2332 iterum
1110 2266 1269 2332 consules

219 2408 390 2487 creantur,
422 2406 605 2484 postquam
628 2403 797 2468 Domitius
821 2403 993 2484 repulsam
1016 2403 1106 2469 tulit.
1152 2402 1187 2467 si
1211 2402 1271 2467 Oa·

218 2541 311 2607 tonis
334 2541 452 2606 Vitam
476 2554 724 2624 comparamus,
748 2541 834 2606 levis
857 2540 1029 2606 Plutarchi
1054 2557 1147 2606 error
1170 2558 1272 2622 appa-

219 2685 272 2745 ret
295 2680 331 2745 in
353 2681 407 2745 his
429 2668 565 2745 verbis:
594 2677 647 2763 „ol
665 2679 702 2736 δὲ
718 2674 794 2753 περὶ
803 2680 864 2737 τὸν
873 2681 1051 2751 Πομπήιον
1060 2655 1270 2751 φοβηθέντες

219 2809 279 2867 τὸν
304 2809 406 2868 τόνον
430 2811 492 2865 τοῦ
511 2808 674 2878 Κάτωνος
674 2844 785 2872 ......
804 2803 867 2865 οὐκ
885 2805 1003 2866 εἴασαν
1020 2808 1084 2879 εἰς
1100 2805 1272 2883 Ιαγορὰν

219 2950 402 3002 κατελθεῖν
418 2945 479 3003 τὸν
496 2942 695 3011 Δομέτιον.”
737 2943 875 3010 Melius:
901 2943 984 3009 Cato
996 2944 1074 3011 Min.
1086 2944 1166 3027 Cap.
1179 2945 1269 3012 XLI.

219 3079 340 3143 ,,τοῦτο
367 3075 408 3146 δὴ
435 3076 606 3144 δείσαντες
632 3072 759 3148 οἱπερὶ
777 3077 955 3146 Πομπήιον
971 3070 1115 3145 ὑφεῖσαν
1131 3070 1272 3160 ἐνέδραν

221 3208 269 3278 τῷ
288 3207 439 3278 Δομετίῳ
457 3205 696 3274 καταβαίνοντι
712 3204 751 3261 τὸ
769 3201 915 3278 ὄρθριον
932 3199 1197 3272 ὑπολαμπάδων
1213 3203 1271 3274 εἰς

162 3367 167 3374 -
221 3340 267 3398 τὸ
293 3341 484 3418 ostrow
530 3339 669 3404 Domitii
696 3340 868 3421 repulsam
892 3343 928 3404 et
952 3357 1053 3403 suum
1076 3339 1188 3421 ipsius'
1206 3340 1271 3403 exi·

221 3476 305 3541 lium
330 3477 443 3541 Cicero
468 3476 557 3540 inter
580 3493 618 3540 se
642 3476 794 3541 confert:
819 3476 878 3557 llp.
904 3476 946 3539 ad
970 3475 1044 3540 Att.
1070 3477 1128 3542 IV.
1142 3478 1172 3542 8.
1187 3478 1219 3542 lo.
1234 3479 1269 3558 2;

225 3614 287 3699 „de
310 3612 475 3694 Domiti0,

373 3741 476 3815 σύκῳ,
502 3741 550 3810 μὰ
576 3741 637 3813 τὴν
663 3741 833 3815 Δήμητρα,
859 3744 963 3800 σῦκον
988 3739 1069 3800 οὐδὲ
1087 3738 1124 3800 ἓν

374 3855 483 3926 οὕτως
500 3855 622 3924 ὅμοιον
638 3855 783 3926 γέγονεν,

223 3997 327 4061 quam
351 3983 404 4044 est
427 3979 494 4043 ista
516 3981 709 4052 acclamate
732 3982 880 4060 nostrae,
905 3979 960 4044 vel
984 3979 1074 4060 quod
1098 3982 1140 4045 alo
1153 3980 1271 4059 isdem,

224 4117 280 4181 vel
317 4115 406 4197 quod
430 4120 564 4196 praeter
588 4115 791 4197 opinionem,
815 4114 870 4179 vel
894 4115 982 4196 quod
1007 4115 1071 4179 riri
1096 4117 1173 4181 boni
1198 4134 1273 4181 nus·
