2970 5032
723 379 765 443 65

216 579 391 643 mensibus
415 578 570 659 Tigranis
593 578 768 659 negotium
791 578 1025 644 intercessisse
1049 580 1198 645 cernitur
1225 598 1268 645 ex

217 734 257 781 ea
281 716 436 800 epistola,
461 733 564 797 quam
589 715 702 781 Cicero
727 715 770 780 ad
794 715 951 780 Atticum
974 716 1112 798 scripsit
1134 735 1164 783 a.
1179 716 1267 784 le

217 853 293 917 Kal.
328 853 401 918 Iun.
434 871 465 918 a.
501 853 544 917 58
579 853 838 919 Thessalonicae
873 853 928 930 (ad
960 853 1035 918 Att.
1067 853 1125 920 ΙΠ.
1157 855 1189 920 8.
1213 856 1267 930 3);

220 990 382 1073 „Tigrane
406 990 496 1055 enim
520 989 674 1070 neglecto
699 989 837 1055 sublata
861 992 943 1056 sunt
965 986 1112 1057 omnia.’'
1152 991 1268 1057 Cicero

217 1127 345 1192 scilicet
366 1130 576 1211 speraverat,
600 1128 671 1192 fore
695 1131 734 1192 ut
756 1106 896 1209 propter
918 1099 1013 1198 illam
1027 1129 1267 1195 contumeliam

198 1265 304 1329 inter
328 1262 481 1329 Clodium
505 1268 541 1329 et
563 1263 764 1345 Pompeium
787 1265 966 1330 discidium
978 1270 1141 1332 oreretur.
1172 1266 1268 1348 Quod

119 1462 121 1469 .
216 1421 293 1467 cum
316 1421 385 1495 non
408 1404 457 1468 ita
481 1406 583 1486 esset,
607 1402 707 1482 longe
730 1402 815 1467 haec
837 1421 917 1485 spes
940 1421 1018 1469 eum
1041 1403 1169 1469 fefellit.

260 1541 387 1606 Deinde
418 1505 624 1606 Plutarchus
657 1539 764 1604 tradit
787 1539 941 1605 Clodium
965 1541 1092 1608 amicos
1116 1522 1267 1624 Pompeii

216 1679 249 1742 111
282 1679 336 1742 ius
368 1677 527 1760 traxisse,
551 1678 732 1758 ipsumque
749 1677 910 1742 conviciis
934 1678 1098 1760 obruisse,
1123 1680 1202 1744 cum
1224 1680 1268 1744 ad

217 1831 356 1879 causam
380 1813 557 1878 dicendam
581 1814 614 1878 in
639 1813 812 1895 publicum
835 1814 995 1896 prodiret.
1042 1816 1137 1880 Haec
1153 1818 1268 1881 omnia

217 1950 260 2013 ad
295 1951 460 2016 amussim
494 1951 702 2016 conveniunt
736 1951 1014 2035 cumiisrebus,
1039 1970 1124 2033 quas
1148 1954 1268 2018 (19111-

177 2122 179 2127 ,
217 2089 305 2154 lonis
342 2087 464 2152 iudicio
500 2086 614 2151 Cicero
648 2090 803 2153 enarrat:
828 2088 899 2168 (Ep.
924 2087 968 2152 ad
991 2088 1028 2169 Q.
1052 2088 1092 2154 fr.
1117 2087 1157 2154 H.
1181 2089 1211 2154 3.
1236 2090 1268 2163 2)

218 2245 268 2311 „a
301 2225 332 2292 d.
369 2224 433 2290 VH
467 2224 515 2290 Id.
539 2223 637 2290 Febr.
662 2229 704 2301 (a.
730 2226 783 2300 56)
807 2224 885 2289 Milo
909 2225 1039 2309 adfuit3
1065 2227 1151 2292 dixit
1173 2228 1268 2293 Pom-

215 2362 321 2445 peius
346 2361 420 2427 siue
442 2360 572 2426 voluit:
597 2379 677 2426 nam
701 2364 741 2425 ut
763 2362 923 2444 surrexit,
949 2380 1072 2444 operae
1083 2363 1268 2461 Clodianae

216 2499 400 2563 clamorem
435 2497 668 2580 sustulerunt,
713 2497 814 2577 idque
849 2499 879 2562 ei
913 2503 1079 2581 perpetua
1114 2501 1268 2566 oratione
1301 2580 1307 2588 ⁸

216 2635 368 2718 contigit,
407 2652 475 2700 nou
499 2633 599 2698 modo
623 2636 663 2698 ut
685 2633 1018 2711 adclamationesed
1041 2641 1081 2701 ut
1104 2639 1266 2703 conviciis

216 2776 250 2836 et
285 2771 475 2837 maledictis
509 2771 739 2853 impediretur,
773 2771 830 2852 qui
853 2776 893 2837 ut
915 2773 1129 2854 peroravit..
1145 2824 1173 2841 ..
1199 2793 1268 2840 sur·

215 2910 305 2975 rexit
340 2909 496 2974 Clodius:
530 2911 560 2974 ei
583 2913 703 2974 tantus
727 2909 854 2973 clamor
877 2926 897 2973 a
920 2911 1048 2975 nostris
1077 2896 1112 2954 —'
1137 2911 1268 2993 placue-

215 3050 270 3111 rat
304 3047 394 3110 enim
428 3045 553 3111 referre
576 3047 723 3126 gratiam
747 3081 790 3092 -
813 3049 852 3111 ut
875 3063 985 3128 neque
1008 3051 1132 3130 mente,
1157 3067 1267 3130 neque

215 3185 340 3267 lingua,
375 3200 485 3265 neque
520 3200 578 3248 ore
613 3184 825 3249 consisteret.
858 3201 898 3248 ea
920 3201 976 3249 res
999 3188 1077 3249 acta
1101 3190 1164 3269 est,
1188 3205 1266 3251 cum

215 3324 299 3389 hora
322 3324 422 3388 sexta
446 3321 506 3386 vix
529 3319 712 3401 Pompeius
734 3324 939 3403 perorasset,
964 3338 1072 3402 usque
1090 3322 1134 3386 ad
1146 3323 1266 3387 horam

214 3460 305 3542 VllI,
339 3477 417 3524 cum
456 3457 569 3523 omnia
601 3456 794 3540 maledicta,
818 3473 941 3531 versus
965 3457 1109 3538 denique
1133 3460 1266 3524 obscoe-

214 3597 344 3661 nissimi
368 3597 402 3659 in
427 3594 582 3660 Clodium
605 3597 640 3659 et
664 3593 815 3659 Clodiam
840 3594 1043 3659 dicerentur.
1069 3595 1125 3661 ille
1149 3596 1266 3661 furens

215 3737 249 3797 et
273 3732 457 3812 exsanguis
480 3731 715 3811 interrogabat
737 3746 818 3794 suos
841 3730 876 3793 in
901 3730 1048 3795 clamore
1070 3731 1164 3814 ipso,
1189 3733 1266 3814 quis

214 3871 316 3951 esset,
338 3868 395 3948 qui
418 3867 553 3948 plebem
574 3866 664 3931 same
687 3870 834 3948 necaret,
853 3867 1107 3948 respondebant
1122 3886 1265 3950 operae:

213 4005 406 4086 Pompeius.
438 4007 514 4086 quis
546 4003 791 4068 Alexandriam
826 4003 875 4068 ire
910 4008 1059 4087 cuperet,
1087 4006 1265 4086 responde·

212 4143 322 4207 bant:
357 4142 550 4223 Pompeius.
586 4158 687 4221 quem
719 4141 768 4205 ire
799 4139 949 4223 vellent,
985 4141 1263 4223 respondebant:

214 4281 407 4346 Crassum.”
462 4279 577 4342 Unum
612 4278 714 4358 igitur
749 4279 911 4344 interest:
946 4279 1037 4359 apud
1068 4278 1262 4344 Ciceronem

1110 4394 1129 4453 5
