2970 5032
722 337 743 399 9

213 531 255 587 τὰ
272 529 453 604 πράγματα
470 532 528 586 καὶ
545 534 679 598 συνεῖχε
701 527 843 602 Κάρβων
855 523 1126 601 ἐμπληκτότερος
1137 523 1269 585 ε’κεὶνου

214 645 389 720 τύραννος,
415 640 508 715 ἐπῄει
534 644 572 700 δὲ
590 642 725 713 Σύλλας
741 648 813 712 τοῖς
829 643 1000 712 πλείστοις
1013 642 1188 712 ποθεινός,
1205 638 1270 698 ὑπὸ

214 763 283 818 τῶν
306 758 485 834 παρόντων
509 760 622 814 κακῶν
646 752 728 813 οὐδὲ
754 756 921 812 δεσπότου
939 754 1133 826 μεταβολὴν
1148 755 1271 829 μικρὸν

213 874 411 950 ἡγουμένοις
428 874 572 949 ἀγαθόν.
619 878 763 943 Cinnam
790 876 1002 964 „crudelem”
1026 880 1061 942 et
1080 876 1270 942 Carbonem

219 1018 391 1102 „omnium
431 1013 743 1100 improbissimum''
771 1016 877 1082 luisse
901 1015 1016 1082 Cicero
1040 1014 1271 1098 compluribus

216 1155 299 1221 locis
323 1157 364 1232 (sl
387 1153 548 1238 affirmat,
573 1155 614 1219 de
638 1154 733 1219 Sulla
757 1158 874 1219 autem
897 1152 993 1220 varie
1016 1153 1122 1219 variis
1145 1158 1271 1236 tempo-

215 1292 309 1357 ribus
332 1291 505 1358 iudicavit.
531 1292 616 1357 Cum
628 1292 692 1357 hoc
705 1291 880 1357 Plutarchi
893 1291 1015 1357 iudicio
1029 1291 1270 1357 consentiunt:

217 1447 278 1512 pro
313 1417 436 1496 Roscio
460 1430 576 1497 Amor.
601 1431 655 1495 45.
682 1430 755 1495 131.
805 1429 862 1515 „h
887 1428 981 1494 Sulla
1004 1446 1077 1494 rem
1100 1429 1272 1512 publicam

216 1569 305 1651 regit
339 1568 524 1649 orbemque
548 1571 719 1633 terrarum
743 1567 912 1648 gubernat
934 1566 1133 1648 imperiique
1156 1567 1272 1632 maies-

216 1711 326 1773 tatem
361 1724 464 1788 quarn
492 1706 597 1771 armis
620 1705 757 1789 recepit,
782 1705 914 1787 legibus
937 1701 1148 1772 confirmat.'’
1194 1707 1272 1790 Ipso

217 1843 313 1909 Sulla
335 1843 476 1909 vivente
498 1843 569 1908 tale
591 1841 752 1908 iudicium
776 1842 1007 1907 necessarium
1030 1847 1114 1908 erat.
1160 1843 1273 1908 Etiam

218 1979 337 2045 multis
366 1979 465 2046 annis
497 1983 577 2062 post
597 1997 702 2062 quum
728 1978 842 2045 Cicero
867 1984 1010 2045 senatus
1033 1979 1275 2046 auctoritatem

219 2123 339 2185 contra
362 2119 553 2184 Antonium
581 2118 786 2202 defenderet,
815 2117 956 2202 Sullam,
981 2117 1037 2199 qui
1057 2117 1153 2183 illam
1163 2124 1274 2186 aucto·

218 2258 357 2323 ritatem
367 2256 448 2322 olim
459 2256 668 2338 restituerat,
682 2255 839 2321 laudibus
852 2256 989 2322 ornavit
1002 2276 1009 2322 :
1024 2255 1169 2339 Philipp.
1182 2256 1272 2323 VIII.

219 2396 249 2459 2.
284 2396 314 2460 7.
341 2411 440 2479 „cum
462 2393 567 2459 Mario
591 2396 627 2459 et
650 2392 803 2459 Carbone
827 2391 922 2457 Sulla
945 2393 1121 2477 pugnavit,
1150 2411 1193 2459 ne
1221 2395 1273 2460 do·

219 2533 432 2598 minarentur
454 2530 584 2613 indigni
605 2535 640 2597 et
662 2534 702 2597 ut
723 2530 988 2596 clarissimorum
1011 2531 1188 2597 hominurn
1205 2549 1274 2597 cru-

219 2670 428 2736 delissimam
450 2672 710 2751 persequeretur
730 2671 772 2744 (†)
785 2662 936 2733 necem.‘’
959 2666 1046 2733 Aliis
1058 2673 1174 2733 autem
1191 2668 1273 2734 locis

220 2808 355 2874 collatis
389 2809 543 2891 apparet,
577 2810 788 2888 quantopere
821 2805 925 2871 etiam
955 2805 990 2870 in
1012 2806 1076 2871 hac
1100 2824 1136 2872 re
1160 2807 1274 2872 Cicero

220 2944 428 3011 sententiam
450 2943 663 3026 temporibus
690 2943 1009 3010 accommodaverit.
1056 2944 1129 3008 larn
1152 2944 1187 3008 in
1199 2945 1274 3026 ipsa

221 3083 375 3149 oratione
398 3099 459 3164 pro
483 3080 605 3146 Roscio
629 3078 791 3145 Amerino
815 3097 898 3145 vera
922 3080 1094 3146 sententia
1105 3080 1274 3167 pellucet:¹

225 3223 253 3287 1.
290 3221 320 3287 4.
349 3237 437 3306 „non
461 3219 561 3285 modo
585 3217 782 3300 ignoscendi
805 3217 903 3302 ratio,
927 3235 1048 3283 verum
1076 3218 1180 3284 etiam
1204 3235 1275 3299 cog·

223 3357 384 3423 noscendi
406 3354 615 3422 consuetudo
639 3354 681 3420 de
706 3354 997 3420 civitatesublata
1010 3351 1096 3420 est.'’
1120 3353 1275 3437 Apertio-

223 3514 262 3561 ra
283 3500 366 3562 sunt
392 3511 480 3577 quae
492 3493 654 3574 leguntur
668 3512 675 3559 :
689 3493 723 3557 in
736 3492 881 3559 Verrem
892 3492 951 3558 III.
963 3492 1016 3558 35.
1031 3493 1084 3558 31.
1100 3510 1210 3578 „unus
1222 3495 1276 3558 ad·

223 3634 290 3698 huc
312 3632 378 3697 fuit
396 3634 475 3713 post
486 3631 631 3696 Romam
645 3630 818 3696 conditam
830 3665 872 3674 —
886 3629 919 3693 di
931 3628 1143 3696 immortales
1154 3630 1274 3714 faxint,

225 3790 268 3837 ne
289 3771 335 3837 sit
351 3769 447 3834 alter
469 3768 589 3833 -cui
612 3767 804 3851 respublica
824 3784 861 3833 se
885 3770 996 3832 totam
1016 3768 1178 3851 traderet,
1195 3771 1276 3833 tem-

261 4017 298 4091 (ἓ)
317 4017 397 4072 Tusc.
415 4016 448 4071 V.
467 4015 511 4071 19.
533 4015 577 4070 55.
596 4015 712 4086 Philipp.
731 4014 776 4068 XI.
797 4013 840 4068 ll.
860 4019 902 4068 ad.
920 4014 995 4069 Fam.
1014 4014 1060 4069 IX.
1078 4014 1122 4070 al.
1141 4014 1167 4070 3.
1186 4016 1275 4070 eal.

262 4137 306 4211 (†)
327 4136 574 4207 »persequeretur''
588 4150 637 4206 pro
654 4135 760 4205 vulgata
769 4133 881 4188 lectione
893 4134 1091 4205 ›rpoenir·etur.’'
1099 4135 1276 4205 Mnemosyne

226 4259 259 4314 N.
278 4257 305 4312 S.
324 4257 371 4312 Vll
395 4273 453 4328 pag.
472 4255 533 4310 146.
