2970 5032
733 359 752 423 ὖ

214 555 365 622 Velleius
393 556 493 622 huius
523 557 672 624 invidiae
702 559 803 624 testis
835 562 897 640 est,
922 559 1026 640 igitur
1049 560 1135 625 satis
1167 576 1265 640 appa·

214 698 268 758 ret
303 694 351 760 sic
386 695 475 759 inter
511 712 630 761 omnes
667 696 732 760 hac'
767 696 808 762 de
844 714 879 762 re
917 700 1085 779 constare,
1120 700 1159 761 ut
1193 695 1265 760 Plu·

214 830 355 896 tarchus
378 829 508 896 nullam
531 831 634 897 aliam
652 833 892 899 auctoritatem
912 850 1016 914 quam
1032 833 1160 899 famam
1179 851 1265 899 corn-

215 983 353 1031 munem
389 971 528 1034 secutus
556 985 631 1034 esse
661 968 829 1035 videatur.
876 969 971 1035 Idem
994 969 1089 1037 valet
1110 971 1145 1035 iu
1172 938 1266 1036 illam

214 1103 401 1168 Alexandri
436 1104 549 1186 Magni
580 1104 845 1172 aemulationem
868 1109 930 1184 (§):
962 1124 1035 1188 cap.
1058 1107 1170 1172 XLVI
1194 1106 1266 1172 Plu·

214 1241 354 1307 tarchus
390 1246 635 1308 commemorat
669 1260 737 1327 eos,
773 1243 830 1324 qui
866 1243 1066 1326 Pompeium
1101 1244 1192 1311 omni
1223 1261 1266 1310 ex

214 1383 312 1460 parte
335 1378 532 1444 Alexandro
559 1378 704 1444 similem
726 1379 832 1445 finisse
855 1351 1083 1446 ostenderent.
1108 1381 1199 1446 Num
1211 1381 1267 1463 lgi-

213 1519 270 1579 tur
304 1514 454 1579 alienum
477 1518 553 1580 erat
576 1515 681 1581 etlam
704 1514 876 1598 hocloco,
900 1516 958 1581 ubi
982 1515 1091 1598 figura
1114 1517 1266 1599 Pompeii

214 1651 426 1734 describitur,
438 1651 539 1717 huius
552 1651 782 1718 similitudinis
794 1653 1003 1734 mentionem
1015 1653 1155 1720 tacere?
1172 1655 1266 1721 Pom-

213 1788 327 1868 peium
351 1792 468 1853 autem
491 1792 635 1870 propter
653 1788 742 1854 hanc
765 1788 876 1870 ipsam
900 1806 1040 1856 causam
1064 1791 1209 1856 inimicis
1221 1791 1266 1855 lu·

216 1925 323 1990 dibrio
358 1925 472 2008 luisse,
508 1925 713 1991 Plutarchus
751 1925 885 1991 etlemsi
909 1925 1041 1993 nullum
1065 1927 1265 2009 scriptorem

216 2061 458 2126 ansarIanum
481 2060 699 2144 inspexisset,
711 2060 810 2127 facile
822 2061 986 2128 continere
999 2067 1144 2144 poterat.
1168 2064 1266 2130 Item·

215 2215 281 2279 que
308 2197 512 2280 pervulgata
546 2201 621 2264 erat
651 2197 743 2263 ferna
766 2198 808 2263 de
831 2198 983 2280 Pompeii
1007 2199 1265 2266 crudelitatem

214 2335 466 2425 anti-Sullanos.
514 2335 571 2400 Cic
605 2335 665 2417 Ep.
701 2335 744 2400 ad
766 2335 853 2402 Att.
889 2335 950 2402 IX.
978 2336 1028 2402 14.
1053 2338 1094 2402 2:
1122 2336 1266 2422 „Caesar

214 2474 301 2541 dixit
336 2493 373 2540 se
397 2474 456 2540 On.
482 2473 656 2568 Carbonis,
679 2474 721 2540 M.
746 2473 845 2540 Bruti
868 2491 996 2555 poenas
1019 2474 1176 2557 persequi
1199 2493 1266 2541 om-

215 2612 376 2692 niumque
399 2627 527 2693 eorum,
551 2609 587 2675 in
611 2628 696 2692 quos
719 2610 813 2676 Sulla
837 2610 982 2676 crudelis
1005 2611 1069 2676 hoc
1082 2611 1265 2694 (Pompeio)

214 2749 305 2815 socio
337 2744 491 2814 fuisset.’'
539 2747 721 2814 Praeterea
745 2747 873 2829 Oppins
897 2747 999 2813 huius
1021 2748 1069 2813 rei
1097 2749 1199 2814 testis
1226 2750 1265 2814 ci-

215 2892 319 2954 tatur.
367 2887 458 2951 Nota
494 2885 639 2967 denique
673 2903 728 2952 res
763 2888 817 2951 est
843 2902 864 2950 a
887 2885 1094 2966 quibusnam
1121 2886 1266 2953 inimicis

214 3024 374 3106 Pompeio
398 3021 456 3087 illa
483 3022 728 3094 γυναικομανία
747 3021 879 3086 obiecta
891 3020 946 3086 sit.
965 3019 1005 3086 ci.
1023 3026 1097 3102 (cap
1109 3021 1265 3098 XLVIII)

215 3161 319 3227 010djj
365 3158 537 3225 convicia:
572 3156 625 3225 τίς
642 3150 733 3213 ἐστιν
750 3150 971 3229 αὐτοκράτωρ
989 3151 1198 3227 ἀκόλαστος,·
1216 3158 1267 3228 τίς

213 3291 300 3365 ἀνὴρ
318 3287 425 3364 ἄνδρα
443 3291 533 3359 ζητεῖ
542 3303 554 3355 ,·
571 3288 623 3357 τίς
640 3280 690 3344 ἑνὶ
708 3285 864 3361 δακτύλῳ
881 3289 1002 3344 κνᾶται
1019 3287 1081 3358 τὴν
1097 3287 1266 3360 κεφαλῄνς

215 3413 301 3495 Quid
333 3412 540 3477 Plutarchus
568 3409 641 3491 ipse
665 3408 706 3473 de
730 3425 769 3474 eo
793 3409 939 3475 senserit
964 3409 1091 3475 diserte
1114 3409 1265 3476 declarat

215 3556 299 3632 (cap
336 3546 465 3623 XVIII)
496 3543 617 3633 „mdccc
634 3542 698 3616 γὰρ
715 3526 756 3613 ἦν
775 3542 922 3617 σώφρων
938 3545 995 3599 καὶ
1012 3542 1213 3615 τεταγμένος
1230 3541 1268 3602 ἐν

215 3687 288 3751 ταῖς
306 3676 532 3749 sardonium?
548 3709 581 3718 -
606 3721 613 3748 p

214 3923 374 3978 Strabonem
394 3922 546 3994 pestilentia
559 3921 715 3976 absumtum
724 3936 798 3989 esse,
816 3924 909 3974 eontra
918 3918 1097 3974 Plutarchus:
1118 3914 1266 3973 »ἀπέθανε

216 4039 416 4110 seponentes.
436 4041 510 4096 idern
533 4041 602 4112 App.
622 4041 656 4094 de
677 4040 707 4094 B.
726 4039 755 4094 C.
774 4038 794 4093 l.
804 4037 847 4093 68,
857 4038 981 4110 Speciosa
990 4043 1031 4093 est
1039 4037 1192 4093 coniectura
1203 4054 1267 4092 eum

214 4178 309 4218 revera
327 4161 509 4216 coniuratione
526 4161 702 4216 interemtum
720 4175 788 4215 esse.
798 4159 831 4213 cf.
843 4158 994 4213 Mommsen
1003 4157 1036 4214 R.
1046 4157 1078 4212 G.
1087 4157 1120 4212 Π.
1131 4174 1190 4229 pag.
1202 4156 1264 4213 315.

251 4281 289 4355 (ἓ)
310 4282 344 4336 cf.
363 4281 506 4336 Sallustius
526 4280 595 4335 Hist.
614 4280 709 4351 fragm.
731 4278 776 4333 III.
795 4277 821 4333 6.
839 4278 880 4333 cd.
898 4278 983 4332 Krilz.
