2970 5032
730 358 770 422 51

220 571 286 636 quo
327 555 472 621 Romam
510 555 610 621 rediit
647 559 822 638 usquead
858 559 1075 624 consulatum
1108 559 1273 625 Caesaris,

184 735 186 738 ψ
220 692 435 757 Perbreviter
470 693 554 758 haec
591 694 705 758 omnia
727 694 761 759 in
801 695 865 761 hac
904 695 986 760 Vita
1005 700 1199 780 narrantur,
1225 697 1273 762 sie
1385 747 1388 751 .

218 831 335 894 tamen
362 833 402 894 ut
422 830 621 895 summatim
645 832 731 896 bene
761 832 968 898 conveniant
995 851 1073 898 oum
1096 833 1137 899 iis
1160 835 1272 916 rebus,

219 985 305 1049 quas
328 967 464 1032 aliunde
485 971 679 1049 compertas
690 969 872 1036 habemus:
894 970 1076 1053 Pompeius
1088 974 1273 1052 antequam

219 1105 355 1172 Italiam
386 1106 512 1189 attigit,
537 1107 601 1172 hoo
624 1107 737 1172 animo
760 1107 866 1173 iiiisse
889 1107 1034 1191 videtur,
1058 1112 1098 1175 ut
1120 1109 1273 1175 crederet

219 1242 283 1309 sibi
314 1245 433 1309 tantas
467 1242 586 1308 laudes
623 1243 763 1309 bellicas
797 1243 921 1326 adepto
957 1262 1076 1311 omnes
1099 1249 1135 1312 et
1159 1247 1272 1311 ornnia

221 1360 358 1462 praesto
392 1379 474 1445 fore.
510 1379 625 1460 Longe
660 1381 744 1445 haec
777 1397 857 1462 spes
890 1399 968 1447 eum
1000 1381 1138 1449 fefellit:
1162 1401 1272 1464 neque

219 1534 306 1599 quae
334 1516 492 1582 Metellus
524 1517 639 1599 Nepos
672 1518 715 1582 ad
734 1517 910 1601 populum
947 1519 1038 1602 tulit,
1067 1519 1205 1601 perduoi
1229 1520 1271 1584 ad

218 1653 321 1719 finem
355 1657 552 1736 potuerunt,
589 1671 699 1735 neque
736 1653 809 1735 ipse
843 1655 1044 1736 impetravit
1072 1659 1111 1720 ut
1134 1657 1272 1722 comitia

218 1790 410 1857 consularia
434 1791 659 1858 differrentur.
683 1791 912 1858 Nihilominus
923 1793 1144 1859 Brundisium
1156 1795 1271 1877 appul-

219 1947 278 1997 sus
298 1929 487 1995 exercituin
511 1929 649 2012 dimisit,
667 1931 708 2006 (S)
729 1934 765 1994 et
788 1930 936 2011 primurn
956 1931 989 1994 id
1015 1932 1094 2015 egit,
1116 1936 1156 1997 ut
1176 1931 1270 1998 Cato-

221 2084 296 2134 nem
307 2069 511 2134 acerrimum
528 2067 763 2132 adversarium
775 2067 840 2133 sibi
853 2067 1057 2135 conciliaret.
1075 2069 1140 2134 Hic
1152 2073 1269 2136 autem

218 2205 395 2288 repudiata
415 2203 594 2270 affinitatis
606 2204 843 2270 coniunctione
856 2205 1056 2288 Pompeium
1067 2206 1268 2288 impugnare

217 2358 285 2409 non
321 2342 431 2420 desiit,
467 2341 605 2406 adlutus
644 2340 837 2424 aLuoullo,
862 2342 919 2422 qui
943 2341 1084 2408 iniurias
1111 2343 1192 2409 olim
1217 2363 1268 2410 ao-

216 2484 335 2562 septas
368 2479 483 2545 ulcisci
509 2478 677 2560 cupiebat.
702 2478 757 2542 Ab
782 2479 835 2544 his
859 2479 1066 2546 adversariis
1088 2481 1122 2545 in
1147 2488 1269 2548 senatu

215 2621 400 2700 superatus
427 2615 610 2698 Pompeius
633 2615 676 2680 ad
699 2614 863 2696 populum
887 2633 924 2680 se
946 2616 1101 2698 eontulit,
1124 2635 1268 2700 euinque

215 2773 259 2821 ne
294 2754 350 2820 hio
381 2754 516 2836 quidem
551 2752 661 2818 multa
693 2751 882 2834 proficeret,
906 2752 1046 2817 tandem
1071 2753 1208 2819 Caesari
1231 2775 1268 2821 se

215 2894 371 2978 permisit
405 2897 441 2958 et
463 2894 506 2958 ab
529 2910 568 2957 eo
593 2892 735 2974 accepit,
755 2908 842 2973 quae
864 2892 937 2974 ipse
960 2909 1020 2973 per
1044 2910 1080 2957 se
1108 2894 1268 2975 consequi

215 3049 283 3098 non
306 2984 488 3114 potuerat.
514 3030 609 3094 Haeo
632 3029 789 3094 fortunae
812 3029 964 3094 varietas
987 3029 1091 3093 etiarn
1120 3047 1196 3094 oum
1222 3029 1268 3094 Ci-

215 3186 336 3236 cerone
371 3168 570 3250 Pompeium
603 3165 789 3232 coniunxit.
822 3166 936 3230 Altius
959 3167 1164 3248 repetendae
1187 3172 1269 3233 sunt

246 3607 281 3680 (ᾖ)
308 3607 372 3678 Cap.
398 3604 497 3659 XLIII:
530 3597 560 3656 »ὁ
582 3597 730 3669 Πομπήιος
747 3594 875 3654 ἐκέλευσε
896 3596 1069 3654 διαλύεσθαι
1089 3594 1161 3651 κατὰ
1183 3595 1266 3651 πόλιν

214 3716 349 3782 ἑκάστους
375 3719 423 3774 καὶ
451 3713 608 3784 τρέπεσθαι
635 3710 707 3781 πρὸς
727 3709 762 3766 τὰ
781 3709 880 3776 οἰκεῖα,
899 3709 1094 3780 μεμνημένους
1112 3702 1201 3772 αὖθις
1219 3704 1266 3764 ἐπὶ

212 3835 263 3893 τὸν
278 3835 421 3906 θρίαμβον
438 3828 514 3903 αὐτῷ
533 3827 706 3883 συνελθεῖν.”

248 3946 298 4001 Dio
315 3944 423 3998 Cassius
444 3939 589 4006 (XXXVII.
610 3938 662 4005 tl),
690 3937 827 4007 oppianus
846 3937 977 4001 (debello
998 3936 1089 3990 Mithr.
1112 3934 1226 4003 CXVH)‚
1238 3941 1264 3987 et

212 4059 332 4114 Velleius
350 4056 382 4122 (II
412 4054 457 4124 10)
479 4053 639 4107 confirmant
657 4067 691 4103 no
711 4048 968 4119 triumphoquidenr
981 4048 1100 4118 Pompeii
1112 4047 1260 4100 exereitum

213 4171 374 4228 interluisse.
393 4170 462 4239 App.
487 4168 504 4220 I.
526 4167 543 4218 I.
568 4163 699 4217 »εἵποντο
723 4157 749 4214 δ’
770 4157 846 4234 αὐτῷ
865 4157 935 4229 μετὰ
953 4156 983 4214 τὸ
1004 4155 1081 4229 ἅρμα
1103 4156 1132 4213 οἱ
1145 4175 1263 4225 συστρα-

212 4281 379 4352 τευσάμενοι
397 4283 453 4335 τῶν
469 4275 621 4348 ἡγεμόνων,
648 4271 677 4328 οἴ
693 4271 744 4342 μὲν
766 4269 809 4340 ἐφ’
831 4273 924 4325 ἵππων
943 4269 972 4326 οἱ
988 4270 1019 4326 δὲ
1038 4272 1143 4336 πεζοί,”
