2970 5032
732 297 775 362 93

225 495 352 559 maiore
386 496 498 562 studio
538 497 717 578 descripsit
749 514 853 578 quam
887 497 1051 579 publicas.
1109 500 1275 567 Attamen

224 649 329 712 quum
367 633 407 697 de
436 632 503 698 illis
532 634 715 716 postremis
750 633 831 699 latis
865 634 979 722 Cicero
1011 635 1093 699 nihil
1128 638 1274 719 amplius

223 769 465 850 significaverit
488 788 591 852 quarn
615 788 702 852 quae
723 770 874 852 (ilsperse
886 771 1029 837 subinde
1042 745 1273 855 Inveniuntur,

223 925 244 971 a
267 907 441 989 preposito
465 925 541 973 meo
564 907 713 973 alienum
738 925 813 973 esse
840 907 976 973 videtur
988 910 1142 991 pluribus
1159 912 1273 976 verbis

222 1044 256 1106 in
291 1061 332 1108 ea
365 1044 551 1127 inquirere;
584 1044 699 1126 itaque
728 1044 846 1125 paucis
869 1044 1047 1111 absolvam
1071 1046 1112 1111 iis
1135 1050 1272 1113 tantum

222 1180 304 1244 lucis
328 1180 470 1263 collatis
496 1197 641 1262 quorum
664 1181 751 1246 ratic
775 1181 932 1246 habenda
957 1186 1020 1249 est.

265 1318 374 1399 Quam
397 1318 609 1400 negligenter
635 1319 840 1385 Plutarchus
864 1337 905 1385 ea
928 1321 1107 1388 tradiderit
1130 1323 1271 1403 quaein

222 1456 376 1521 Caesaris
410 1456 493 1521 Vita
528 1456 597 1520 iam
633 1457 865 1540 tractavisset,
901 1475 1020 1523 rursus
1048 1475 1087 1523 eo
1116 1463 1270 1541 apparet,

220 1593 308 1674 qued
342 1593 383 1657 de
420 1593 581 1676 Labiene,
616 1593 673 1674 qui
705 1611 735 1658 a.
773 1593 803 1658 d.
829 1593 919 1659 VIII.
942 1594 1018 1660 Kal.
1044 1595 1141 1661 Febr.
1167 1597 1269 1661 Teani

219 1730 418 1811 Pompeium
454 1705 677 1810 censulesque
699 1735 907 1795 convenerat
932 1731 1002 1813 (Ep.
1028 1732 1071 1796 ad
1094 1732 1171 1798 Au.
1194 1733 1268 1799 VH.

221 1871 271 1952 13,
296 1871 340 1943 4.)
371 1868 578 1933 mentionem
611 1867 692 1933 lecit
726 1867 820 1949 (Cap.
855 1868 979 1945 LXIV)
1004 1869 1091 1935 inter
1116 1889 1183 1954 ecs,
1213 1872 1268 1953 qui

218 2005 378 2086 Pompeio
410 2009 486 2069 tum
516 2004 652 2069 demum
685 2021 722 2068 se
760 2005 1001 2089 adiunxerunt,
1036 2024 1140 2087 quum
1174 2007 1203 2072 is
1234 2008 1268 2072 in

219 2142 395 2208 Graeciam
424 2142 625 2208 traiecisset.
661 2141 713 2217 (cl.
746 2141 835 2208 Plut.
862 2141 956 2208 Caes.
984 2143 1063 2224 Cap.
1089 2144 1267 2221 XXXIV).

262 2280 377 2344 Cicero
411 2297 442 2344 a.
479 2278 510 2344 d.
544 2279 619 2344 VII.
655 2278 703 2344 Id.
726 2278 799 2343 Iun.
821 2279 856 2342 in
880 2283 982 2360 portu
1004 2248 1180 2345 Caletanu
1195 2298 1268 2345 cun·

158 2466 165 2481 .
217 2418 349 2482 scendit
373 2418 443 2500 (Ep.
470 2417 513 2482 ad
537 2416 632 2482 Fam.
658 2417 752 2482 XIV.
777 2419 806 2481 7.
834 2418 897 2499 2.);
923 2435 1040 2483 mense
1067 2418 1209 2499 Quintili
1233 2418 1266 2482 in
1313 2495 1316 2500 ,

218 2555 339 2619 castus
362 2555 513 2636 Pompeii
535 2555 578 2619 ad
606 2554 763 2619 AttIcum
782 2555 918 2635 scripsit
936 2555 1008 2630 (XI.
1023 2558 1053 2620 4.
1067 2557 1123 2630 I.):
1153 2573 1266 2639 „meas
1288 2600 1290 2604 -

217 2691 350 2757 litteras
388 2692 477 2772 quod
513 2691 667 2774 requiris,
699 2691 864 2772 impedior
891 2691 1005 2772 inepta
1029 2702 1157 2774 rerum,
1181 2709 1265 2773 quas

214 2828 328 2893 nullas
359 2829 468 2893 habeo
512 2828 635 2893 litteris
671 2828 800 2911 dignas,
836 2795 962 2910 quippe
994 2829 1046 2892 cui
1081 2845 1144 2893 nec
1178 2846 1264 2909 quae

116 2962 120 2967 ’
214 2965 373 3030 accidunt
406 2982 468 3030 nec
501 2983 588 3046 quae
623 2968 773 3045 aguntur
807 2964 875 3029 ulle
909 2965 1009 3030 ruodo
1042 2966 1262 3046 probentur.'¹

213 3102 340 3166 Eadem
387 3101 532 3184 epistola
576 3101 705 3167 Brutus
747 3102 964 3185 nominatur,
1012 3119 1112 3182 quem
1158 3102 1261 3166 etlam

155 3281 157 3287 ·
212 3239 416 3305 Plutarchus
467 3239 559 3320 (Cap.
614 3238 738 3312 LXIV)
786 3242 1054 3303 commemorat:
1115 3238 1262 3323 „Brutus

212 3378 364 3458 amicus;
391 3377 426 3440 in
453 3393 557 3441 causa
580 3380 739 3441 versatur
763 3376 919 3440 acriter.'’

256 3513 304 3576 De
327 3512 416 3578 bello
433 3512 524 3578 civili
540 3513 575 3576 in
597 3485 739 3576 Graecia
759 3515 856 3592 gesto
871 3512 1039 3592 imprimis
1053 3511 1261 3575 conferatur:

212 3651 270 3732 Ep.
295 3650 338 3713 ad
361 3649 455 3715 Fam.
478 3649 553 3716 VII.
576 3651 606 3714 3.
632 3650 651 3712 2
673 3648 747 3735 „lad
760 3648 887 3713 bellum
899 3648 1129 3730 proficiscens)
1143 3648 1261 3729 pudori

211 3787 314 3852 malui
339 3786 518 3867 famaeque
536 3785 654 3850 cedere
664 3803 768 3866 quam
780 3785 902 3850 salutis
915 3802 1012 3850 meae
1025 3786 1194 3850 rationem
1207 3785 1261 3850 du·

211 3942 295 3989 cere.
317 3924 412 3989 cuius
436 3940 491 3987 me
506 3923 572 3987 mei
584 3923 666 3987 lacti
679 3922 848 4005 paenituit
860 3927 1012 3987 nontam
1026 3926 1165 4003 prepter
1178 3923 1261 4003 peri-

211 4061 324 4125 culum
342 4078 454 4125 meum
467 4077 570 4141 quam
582 4064 720 4141 propter
733 4060 818 4124 vitia
830 4059 952 4131 multa,
966 4076 1053 4139 quae
1065 4059 1111 4123 ibi
1126 4058 1259 4141 offendi,

210 4216 276 4279 quc
311 4215 491 4263 ueneram:
530 4197 678 4278 primum
713 4213 822 4276 neque
849 4212 993 4275 magnas
1014 4196 1129 4277 copias
1152 4213 1261 4277 neque
