2970 5032
804 300 845 363 62

302 504 341 565 ut
364 501 461 566 nobis
485 519 525 567 ea
549 504 743 588 contentio,
768 523 854 587 quae
882 503 1066 587 impendet,
1090 501 1350 566 interdumncn

301 637 460 718 fugienda
481 640 671 707 videatur.''
689 645 729 719 (g)

344 776 516 842 Eiusmodi
538 778 762 858 cogitationes
785 777 1090 860 meliusexplicant
1110 773 1350 858 quamcmnia,

301 931 388 994 quae
422 913 627 980 Plutarchus
661 915 726 980 hac
763 916 804 981 de
834 934 871 982 re
896 915 1089 981 *memoriae
1115 912 1267 994 tradidit,
1291 928 1352 975 cur

300 1050 489 1118 triumviris
516 1053 703 1119 necessitas
726 1054 888 1136 imposita
907 1058 999 1119 esset
1025 1051 1195 1134 expellere
1214 1068 1257 1116 ex
1266 1027 1352 1114 urbe

300 1204 377 1252 eum
405 1189 527 1274 virum,
554 1191 611 1271 qui
635 1209 724 1256 ncvo
754 1191 867 1256 rernm
893 1191 1002 1257 ordini
1027 1189 1132 1274 „lulio
1151 1192 1187 1254 et
1206 1187 1351 1253 Caesare

300 1323 516 1392 consulibus”
553 1327 711 1394 instituto
747 1346 964 1410 nequaquam
996 1344 1072 1393 sese
1094 1325 1352 1392 accommodare

299 1465 481 1530 videretur.
519 1464 633 1542 Clodio
657 1466 825 1531 secundae
848 1469 985 1531 tantum
1011 1467 1128 1546 partes
1150 1462 1352 1528 tribuendae

298 1604 446 1682 sunt(*);
470 1602 651 1684 Pompeius
678 1606 804 1685 autern,
822 1602 980 1684 quamvis
1002 1600 1232 1667 necessarium
1249 1598 1352 1664 fuerit

299 1739 468 1804 Ciceronis
503 1739 653 1822 exilium,
692 1739 853 1821 perfidiae
879 1740 1005 1805 crimen
1032 1739 1180 1820 effugere
1203 1755 1272 1803 nun
1295 1754 1351 1819 po·

297 1880 377 1943 test.
402 1877 593 1942 Audiamus
620 1877 816 1943 Ciceronem
839 1878 970 1960 ipsum:
994 1877 1066 1959 (Ep.
1090 1877 1133 1942 ad
1146 1876 1220 1941 Art.
1242 1875 1282 1940 Π.
1296 1876 1349 1940 20.

299 2016 341 2089 2.)
366 2013 522 2098 „Clodius
544 2014 625 2078 mihi
652 2015 833 2079 denuntiat
856 2013 1065 2096 periculum:
1091 2013 1273 2095 Pompeius
1296 2013 1351 2077 ad·

298 2149 413 2216 firmat
447 2169 514 2216 non
551 2169 626 2216 esse
656 2151 863 2232 periculum:
885 2151 1040 2233 adiurat;
1065 2151 1160 2216 addit
1184 2151 1288 2216 etiam
1312 2168 1350 2214 se

297 2287 391 2370 prius
426 2289 575 2353 occisum
608 2288 648 2351 iri
682 2289 724 2352 ab
750 2305 789 2354 ec
814 2306 916 2369 quam
940 2305 995 2353 me
1019 2287 1186 2353 violatum
1208 2288 1281 2354 iri.”
1306 2292 1349 2364 (r)

191 2477 195 2492 ,
298 2425 522 2489 Summoiure
535 2420 1093 2509 Ciceroposteadicerepctuit(††)
1108 2425 1350 2511 „eosdemesse

299 2563 356 2644 qui
379 2561 538 2627 Bibulum
566 2562 659 2628 exire
679 2562 779 2628 domo
810 2563 1066 2644 prohibuissent
1090 2566 1125 2627 et
1148 2562 1259 2643 quise
1279 2579 1349 2627 cce-

333 2953 363 3026 (ᾖ)
382 2955 414 3010 cs.
434 2955 482 3025 Ep.
501 2954 535 3007 ad
554 2954 610 3008 riti.
630 2954 661 3009 ΙΙ.
681 2954 718 3018 25,
733 2955 767 3008 de
788 2954 874 3012 Flacci
895 2955 1001 3008 iudicio.

440 3068 488 3138 Ep.
508 3068 542 3121 ad
560 3069 591 3131 Q.
610 3069 643 3125 fr.
662 3068 681 3121 l.
701 3067 788 3123 215.
809 3085 867 3140 sqq.

335 3180 367 3247 (*)
386 3180 441 3234 Hoc
459 3179 494 3234 ita
516 3197 574 3233 sese
593 3179 693 3233 habere
711 3180 769 3250 ipse
787 3180 880 3234 Cicero
900 3185 1030 3235 testatur:
1051 3181 1098 3252 Ep.
1117 3182 1151 3235 ad
1171 3181 1245 3238 Fam.
1265 3182 1348 3235 Vlla

299 3295 323 3356 2.
342 3297 403 3359 (scr.
423 3295 525 3348 Romae
544 3312 568 3349 a.
587 3293 618 3347 511
646 3301 787 3365 postquam
800 3295 886 3349 Bursa
896 3296 1088 3350 condemnatus
1098 3302 1150 3362 est)
1161 3297 1271 3351 »credas
1282 3298 1347 3351 milri

298 3408 379 3462 velim
399 3409 484 3479 magis
503 3425 546 3462 me
565 3407 662 3461 iudicio
680 3408 730 3461 hcc
749 3425 831 3478 quam
850 3416 936 3463 morte
948 3410 1048 3463 inimici
1058 3410 1165 3476 (Clodii)
1174 3411 1301 3466 laetatum
1305 3452 1347 3474 .....

299 3519 344 3573 ille
370 3520 510 3588 (Clodius),
529 3537 589 3574 cum
609 3521 697 3574 omnis
715 3522 867 3591 respublica
886 3504 913 3577 in
932 3539 992 3576 mec
1011 3523 1096 3593 capite
1114 3523 1260 3580 discrimen
1278 3533 1348 3581 esset

299 3633 432 3701 habitura,
459 3652 587 3704 magnum
616 3635 744 3706 quiddam
771 3637 909 3706 spectarit,
936 3654 987 3692 nec
1006 3655 1054 3692 sua
1073 3647 1166 3709 sponte
1186 3641 1233 3694 sed
1252 3658 1346 3695 corum

298 3747 405 3814 auxilio,
424 3747 469 3817 qui
489 3764 533 3800 me
552 3753 639 3802 stante
657 3754 728 3802 stare
747 3765 801 3803 non
821 3751 968 3820 pcte1·ant.'’

333 3859 376 3932 (†)
397 3863 429 3915 cs.
448 3861 496 3931 Ep.
515 3862 547 3915 ad
568 3863 623 3916 Ab.
642 3863 673 3915 ll.
692 3861 735 3917 19.
755 3863 780 3918 4.

463 4000 475 4033 u
524 4000 536 4033 u
594 4000 607 4034 u
637 3982 668 4038 ll.
687 3981 730 4039 al.
750 3982 774 4035 6.

460 4120 472 4151 u
522 4119 534 4153 u
593 4120 605 4152 u
635 4101 667 4156 ΙΙ.
686 4102 728 4156 24.
748 4102 772 4155 5.

335 4219 397 4293 (·Η·)
416 4221 462 4290 Ep.
482 4220 515 4273 ad
533 4220 607 4275 Fam.
628 4221 646 4274 I.
665 4221 691 4278 9.
711 4221 735 4276 7.
