2970 5032
816 295 859 356 od

308 491 385 557 illae
417 491 522 558 Clodii
558 493 775 574 quaestiones
809 493 1048 575 pertinentad
1072 493 1359 574 rempublicam,

309 646 414 710 quum
437 628 528 710 apud
551 629 773 694 Plutarchum
796 629 932 711 privata
960 630 1032 695 vita
1053 623 1204 711 Pompeii
1227 631 1363 711 probris

309 766 487 831 laceretur.
534 767 701 832 Attamen
736 767 795 831 vin
834 743 1060 831 dubitandum
1095 770 1169 849 est,
1209 766 1290 848 quin
1326 771 1365 831 et

310 903 516 968 Plutarchus
540 907 575 968 et
599 902 714 968 Cicero
738 903 881 968 eandem
905 921 977 968 rem
1001 907 1082 968 ante
1106 903 1220 968 oculos
1238 904 1365 968 habue-

309 1041 400 1107 rint:
436 1039 570 1106 Milonis
594 1040 754 1106 iudiciuin
779 1039 893 1106 Clodio
917 1041 1130 1106 occasionem
1142 1039 1310 1123 praebuit,
1323 1046 1366 1104 ut

311 1176 511 1259 Pompeium
535 1181 635 1243 tanta
658 1178 843 1259 ignominia
855 1177 1233 1261 afficeret,.Plutarchus
1245 1181 1365 1242 autem

313 1315 451 1398 erravit,
488 1333 592 1396 quum
623 1316 688 1380 hoc
711 1315 755 1380 ad
779 1315 884 1381 Clodii
908 1316 1120 1381 tribunatum
1145 1314 1287 1379 referret
1310 1318 1364 1391 (ἓ).

359 1455 499 1518 Praeter
533 1452 610 1517 illas
645 1453 869 1517 contumelias
904 1453 1040 1518 Clodius
1080 1434 1184 1517 etiam
1211 1418 1258 1518 eo
1292 1471 1367 1534 pro·

212 1637 214 1641 ν
314 1608 452 1672 gressus
476 1594 539 1671 est,
563 1593 604 1654 ut
625 1589 719 1654 vitae
742 1589 894 1670 Pompeii
917 1589 1144 1655 insidiaretur.
1182 1591 1288 1675 „Turn
1311 1595 1368 1675 est

314 1728 372 1792 illa
406 1728 441 1792 in
475 1725 603 1808 templo
641 1727 792 1792 Castoris
813 1683 992 1792 scelerata
1026 1745 1066 1792 ac
1088 1744 1197 1809 paene
1222 1726 1368 1792 deletrix

315 1866 417 1931 huius
452 1864 584 1946 imperii
620 1864 690 1929 sica
714 1863 946 1945 deprehensa''
970 1868 1034 1946 (†);
1059 1883 1125 1946 quo
1148 1864 1277 1929 facturn
1301 1869 1367 1946 est,

316 2007 357 2067 ut
379 2001 563 2082 Pompeius
587 2000 678 2065 domi
702 2018 739 2065 se
763 2000 953 2065 contineret
976 2001 1068 2065 etin
1092 2001 1261 2066 Ciceronis
1286 2001 1369 2066 desi-

318 2138 447 2203 derium
486 2137 655 2202 adductus
690 2153 829 2217 operam
858 2136 964 2219 daret,
988 2141 1028 2202 ut
1050 2138 1106 2202 hic
1129 2139 1171 2202 ab
1196 2137 1297 2202 exilio
1322 2156 1369 2202 re-

316 2279 507 2342 vocaretur.

363 2369 568 2478 Plutarchus
592 2413 685 2478 solus
708 2416 827 2478 auctor
850 2400 904 2478 est
919 2411 1011 2493 (Cap.
1024 2412 1161 2494 XLIX),
1174 2411 1371 2476 Culleonem

273 2517 279 2526 ’
319 2550 480 2632 Pompeio
512 2551 672 2647 suasisse,
708 2553 748 2614 ut
771 2548 857 2614 lulla
881 2549 1020 2614 dimissa
1040 2552 1154 2614 toturn
1175 2549 1309 2613 senatui
1333 2567 1371 2614 se

319 2688 529 2768 adiungeret.
576 2687 693 2752 Fuerit
727 2687 817 2751 idern
853 2667 978 2769 Culleo,
1015 2686 1110 2751 cuius
1133 2703 1257 2750 nomen
1280 2685 1371 2766 apud

321 2825 517 2890 Ciceronem
541 2825 688 2904 occurrit
708 2823 780 2905 (Ep.
804 2822 847 2887 ad
871 2822 945 2888 Act.
970 2822 1028 2888 ΠΙ.
1056 2823 1105 2886 15.
1131 2823 1184 2903 5);
1209 2821 1372 2886 eiusdem-

320 2962 411 3027 modi
448 2961 538 3026 enim
572 2961 673 3026 huius
708 2959 879 3025 sententia
910 2962 982 3025 est:
1013 2959 1207 3024 Ciceronem
1231 2962 1374 3024 senatus

322 3100 528 3165 auctoritate
562 3097 671 3162 redire
705 3114 816 3180 posse,
849 3114 954 3177 quum
978 3095 1071 3161 nulla
1094 3095 1168 3175 lege
1192 3096 1252 3160 sed
1275 3096 1376 3177 privi-

320 3239 407 3320 legio
432 3240 579 3303 abesset.
604 3239 640 3313 C)

359 3543 395 3615 (ἓ)
414 3544 509 3597 Dium
528 3541 636 3596 Ι.394

361 3656 404 3729 (ἦ)
423 3657 476 3710 Cic
496 3656 529 3709 do
548 3656 663 3725 Harusp
683 3671 753 3724 rmesp
772 3653 815 3706 93.
837 3652 881 3706 49.

360 3773 392 3824 cl.
442 3778 541 3840 »viro
560 3769 646 3822 Sestio
664 3768 708 3821 39.
726 3766 769 3820 69.

441 3899 541 3952 >ipro
560 3881 658 3934 Milone
677 3879 701 3932 7.
720 3878 763 3932 18.
839 3864 842 3871 ¹

442 4019 455 4053 u
493 4018 521 4053 m
540 4000 664 4053 Pisonem
684 3999 725 4051 49.
746 3998 789 4050 98.

440 4135 452 4168 n
491 4131 539 4184 pro
558 4113 644 4166 Domo
661 4112 704 4165 95.
723 4111 765 4165 67.

362 4229 397 4300 (’)
416 4228 450 4282 cl.
469 4226 523 4280 Cic.
544 4241 591 4296 pro
609 4225 694 4278 Sestio
712 4225 755 4280 34.
776 4224 818 4280 73,
