2970 5032
320 527 407 591 Pomp.
430 526 489 591 Cap.
509 526 618 575 XLVII.
899 527 964 576 Caes.
988 527 1046 591 Cap.
1067 527 1138 576 XIV.

211 717 453 818 Ἐναντιουμένου
469 745 727 817 δὲτούσυνάρχον-
760 745 809 802 ’Βν
835 745 866 802 δὲ
894 749 927 819 τῇ
953 749 1038 820 βουλῇ
1056 750 1112 802 τών
1132 751 1225 803 καλών
1242 769 1272 805 τε

148 900 151 905 .
215 878 263 923 τος
289 854 366 931 αύτῷ
391 856 499 930 Βύβλου
523 857 571 912 καλ
589 854 723 919 Κάτωνος
757 857 806 911 καλ
832 853 952 926 άγαθών
970 853 1228 926 ἀντικρουσάντων,
1231 897 1273 913 .....

215 963 444 1043 ἒββῳμενέστατα
459 969 497 1042 τῷ
516 965 611 1040 Βύβλῳ
621 983 724 1033 παρεσ-
759 964 800 1028 είς
817 963 868 1020 τόν
885 967 975 1035 δήμον
997 961 1152 1036 ἐξεπήδησε
1163 966 1212 1021 καὶ
1223 986 1272 1022 πε-

215 1074 391 1146 κευασμένου
408 1078 537 1149 βοηθεῖν,
554 1072 724 1146 προαγαγών
758 1073 959 1144 ριστησάμενος
977 1072 1063 1129 ἔνθεν
1073 1072 1125 1145 μὲν
1141 1072 1273 1143 Κράσσον

215 1179 230 1236 ό
249 1187 360 1252 Καῖσαρ
379 1179 425 1239 ἐπὶ
442 1185 493 1239 τοό
513 1182 636 1256 βήματος
650 1187 728 1253 Πομ·
762 1179 849 1237 ἔνθεν
865 1180 897 1237 δὲ
917 1180 1067 1252 Πομπήιον
1085 1178 1230 1253 ἠρώτησεν
1248 1183 1276 1238 εἰ

214 1288 301 1360 πήιον
316 1286 428 1361 ἐμφανῆ
438 1291 487 1346 καλ
495 1289 725 1361 προσαγορεύσας
759 1287 826 1352 τοὺς
838 1290 943 1358 νόμους
953 1285 1105 1344 ἐπαινοῖεν.
1125 1285 1273 1344 Ἐπαινείν

213 1396 368 1471 ἠρώτησεν,
387 1398 415 1456 εί
434 1399 501 1462 τοὺς
519 1398 625 1470 νόμους
643 1394 723 1454 ἐπαι-
758 1396 790 1453 δὲ
801 1396 979 1466 φασκόντων,
987 1396 1272 1468 παρεκάλειβοηθείν

214 1517 286 1584 νοίη·
304 1516 355 1570 τοῦ
373 1512 405 1569 δὲ
423 1511 631 1585 συμφήσαντος,
651 1510 725 1569 »Ού-
759 1511 830 1580 πρός
848 1509 914 1574 τούς
925 1509 1172 1582 ἐνίστασθαιμετά
1183 1513 1273 1581 ξιφῶν

213 1625 302 1679 κοόν’
317 1621 398 1679 εἶπεν
416 1620 468 1678 τάν
485 1644 527 1686 τις
541 1621 608 1686 τούς
617 1620 722 1693 νόμους
757 1618 954 1684 ἀπειλοῦντας.
982 1619 1105 1677 Ἐκεῖνοι
1124 1621 1156 1676 δὲ
1175 1619 1271 1691 ὑπισχ·

213 1729 349 1805 βιάζηται,
377 1731 418 1796 είς
446 1730 497 1788 τόν
528 1735 619 1803 δῆμον
637 1729 727 1805 άφίξη
760 1733 871 1786 νούντο·
893 1729 1042 1800 Πομπήιος
1059 1729 1273 1798 δὲκαλπροσεί·

214 1841 332 1913 βοηθῶν
341 1843 366 1909 ;”
393 1839 494 1896 »Πάνυ
511 1840 563 1912 μὲν
581 1834 650 1897 ούν“’
667 1840 723 1910 ἔφη
758 1859 822 1906 πεν,
853 1835 892 1901 ώς
907 1837 1038 1908 άφίξοιτο
1057 1838 1128 1908 πρός
1148 1839 1183 1894 τά
1203 1841 1270 1910 ξίφη

213 1945 229 2003 ό
250 1946 399 2019 Πομπήιος
417 1947 572 2019 ιάφίξομαι
579 1947 650 2018 πρὸς
660 1947 727 2012 τούς
760 1945 831 2020 μετὰ
850 1952 900 2004 τού
920 1951 1021 2016 ξίφους
1039 1948 1087 2002 καὶ
1103 1945 1272 2015 θυρεόνκο-

213 2040 401 2122 ἀπειλοῦντας
418 2056 453 2114 τά
469 2059 538 2128 ξίφη
546 2055 617 2128 μετὰ
627 2060 727 2128 ξίφους
760 2063 851 2129 μίζων.
868 2055 933 2112 Ἐπί
950 2055 1041 2130 τούτῳ
1059 2053 1272 2127 τούςμὲνάρισ-

213 2169 262 2224 καὶ
293 2166 402 2236 θυρεόν
434 2169 580 2237 κομίζων.”
610 2166 720 2222 Τούτου
756 2166 941 2237 τοκρατικούς
969 2164 1094 2237 ἠνίασεν,
1116 2164 1169 2220 ούκ
1188 2164 1272 2232 άξίαν

215 2283 364 2356 Πομπήιος
382 2281 468 2340 οὐδὲν
477 2283 542 2341 οὔτε
554 2283 646 2341 εἰπεῖν
655 2280 720 2339 ούτε
757 2286 806 2354 τῆς
823 2283 887 2352 περὶ
907 2280 996 2338 αὐτὸν
1012 2280 1123 2347 αἰδοῦς,
1142 2278 1210 2337 οὐδὲ
1222 2283 1271 2350 τῆς

214 2401 332 2470 ποιῆσαι
349 2398 430 2471 μέχρι
439 2396 604 2470 τηςήμέρας
613 2395 723 2467 ἐκείνης
758 2396 829 2467 πρὸς
861 2395 913 2468 τὴν
939 2395 1093 2468 σύγκλητον
1122 2393 1270 2467 εύλαβείας

214 2512 424 2583 φορτικώτερον
451 2512 555 2581 ἔδοξεν,
583 2509 651 2569 ώστε
677 2512 725 2568 καὶ
759 2511 933 2580 πρέπουσαν,
971 2509 1040 2567 ἄλλά
1070 2509 1193 2581 μανικὴν
1222 2509 1270 2567 καὶ

214 2631 282 2695 ’τούς
309 2634 410 2700 φίλους
428 2628 634 2701 ἀπολογείσθαι
650 2626 722 2696 φάσ-
757 2625 931 2696 μειρακιώδη
960 2624 1058 2695 φωνὴν
1082 2622 1268 2691 άκούσαντας,

215 2741 722 2819 κοντεςὲκφυμεῖναύτόνἕπλκαιροῦ
758 2738 772 2796 ὃ
792 2740 824 2795 δὲ
843 2743 932 2811 δήμος
949 2737 1034 2811 ἥσθη.

216 2863 247 2921 τὸ
267 2862 349 2936 6qu-

315 3105 402 3169 Pomp.
426 3104 484 3168 Cap.
504 3101 626 3150 XLVIII.
833 3099 899 3149 Cato.
919 3097 987 3149 Min.
1011 3097 1069 3160 Cap.
1091 3095 1202 3146 XXXII.

213 3334 264 3393 Ἐκ
282 3335 313 3392 δὲ
331 3335 435 3391 τούτου
454 3332 602 3406 Πομπήιος
620 3329 721 3404 ἒμπλή-
756 3329 935 3405 φοβηθέντες
953 3327 1078 3400 ἐχώρουν
1088 3325 1136 3383 διά
1148 3329 1211 3401 βίας
1221 3325 1270 3382 καὶ

216 3471 266 3517 σας
276 3453 451 3520 στρατιωτῶν
460 3449 512 3520 τήν
520 3448 602 3505 πόλιν
611 3445 725 3504 ἅπαντα
759 3446 941 3516 πρῶτονμὲν
959 3442 1035 3518 αύτῷ
1054 3445 1092 3517 τῷ
1112 3442 1209 3516 Βύβλῳ
1219 3463 1269 3498 κα-

216 3567 251 3624 τά
264 3566 415 3638 πράγματα
425 3569 473 3642 βίῳ
485 3571 605 3635 κατεῖχε.
625 3562 720 3637 Βύβλῳ
754 3564 918 3636 ταβαίνοντι
934 3562 1058 3629 κοπρίων
1070 3556 1266 3628 ἐπεσκεδάσθη

216 3704 245 3739 τε
280 3681 334 3754 γάρ
360 3681 401 3745 είς
427 3679 535 3752 άμοράν
560 3681 598 3753 τῷ
625 3675 724 3751 ὑπάτῳ
758 3675 891 3746 κόφινος,
912 3673 1010 3731 ἔπειτα
1028 3681 1087 3737 τοῖς
1100 3671 1270 3748 ῥαβδούχοις

217 3797 343 3854 κατιόντι
359 3794 430 3869 μετά
440 3793 600 3852 Λευκόλλου
610 3794 658 3849 καί
669 3791 729 3848 Κά-
761 3789 971 3860 προσπεσόντες
990 3787 1081 3846 αύτοῦ
1092 3788 1269 3844 κατέκλασαν

216 3911 411 3982 τωνος“άφνω
437 3909 646 3980 προσπεσόντες
664 3929 714 3963 κα·
749 3904 800 3970 τάς
818 3903 950 3978 ῥάβδους.

216 4026 354 4084 τύκλασαν
376 4024 427 4089 τάς
444 4021 576 4097 ῥάβδους,
595 4020 724 4078 αύτοῦδὲ

216 4164 258 4206 τις
276 4143 400 4211 κοπρίων
418 4139 540 4208 κόφινον
558 4133 590 4193 ἐκ
599 4138 725 4206 κεφαλῆς

216 4261 266 4314 τού
289 4255 397 4331 Βύβλου
416 4252 615 4317 κατεσκέδασε,
628 4293 632 4304 ,
645 4292 665 4304 ..
