2970 5032
718 292 761 355 64

217 444 218 448 Ὺ
260 491 337 572 cap.
372 489 578 554 rnmrr-
591 489 669 572 cap.
697 489 756 555 rr.
802 489 1008 554 Plutarchus
1042 487 1115 569 age
1148 487 1190 552 oe
1223 487 1268 552 ns

212 630 332 712 rebus,
378 645 465 709 quae
501 627 657 693 Caesaris
692 582 909 691 consulatum
945 628 1148 691 consecutae
1183 628 1266 690 sunt

212 782 319 846 usque
343 765 386 830 ad
410 768 619 830 conventum
642 763 765 828 Lucae.
1008 837 1012 844 ,

256 902 408 968 Primum
443 902 485 966 de
520 901 624 966 Clodii
658 900 855 965 tribunatu:
892 898 972 980 Cap.
1000 896 1146 964 XLVIII
1169 892 1268 962 »ἐπεὶ

211 1033 275 1107 γάρ
309 1032 477 1103 (Κλώδιος
503 1033 698 1105 δημαρχῶν)
721 1025 859 1102 ἐξέβαλε
879 1027 1084 1103 Κικέρωνα.
1104 1065 1113 1085 .
1134 1025 1268 1096 .εὐθάς

212 1160 377 1237 ἐπεχείρει
402 1165 472 1218 τῶν
494 1162 674 1231 Πομπηίου
704 1158 893 1231 διατάξεων
915 1154 1009 1228 -ὲνὶας
1026 1153 1189 1231 άναιρεῖν,
1208 1157 1266 1211 καὶ

214 1289 378 1365 Τιγράνην
399 1291 459 1347 τὸν
476 1289 695 1360 αἰχμάλωτον
711 1285 915 1363 ἀφαρπάσας
932 1275 1003 1358 εἶχε
1021 1287 1083 1344 σὺν
1094 1282 1199 1360 αὐτῷ,
1208 1288 1267 1341 καὶ

213 1427 284 1491 τοῖς
302 1423 414 1494 φίλοις
431 1421 526 1489 δίκας
543 1415 658 1490 ἐπῆγε,
674 1424 794 1492 πεῖραν
810 1414 848 1475 ἑν
860 1413 1001 1488 ἐκείνοις
1015 1419 1074 1488 τῆς
1088 1418 1267 1486 Πομπηίου

213 1557 396 1627 λαμβάνων
419 1552 627 1625 novenam?
674 1555 804 1621 Iterum
838 1573 878 1621 ac
912 1555 1049 1636 saepius
1084 1554 1197 1619 Cicero
1228 1555 1265 1618 in

214 1695 441 1778 orationibus,
476 1711 562 1775 quas
594 1699 673 1776 post
695 1695 843 1760 reditum
867 1695 1007 1778 habuit,
1032 1694 1138 1759 Clodii
1161 1694 1267 1759 trihu-

213 1835 333 1897 natum
365 1836 610 1898 commemorat
639 1833 740 1914 idque
762 1833 804 1898 iis
826 1833 960 1916 verbis,
984 1835 1024 1897 ut
1046 1832 1266 1914 perspIcuum

121 2053 122 2057 Ἰ
215 1971 260 2035 sit
293 1987 371 2034 eum
406 1970 481 2036 odio
515 1970 693 2036 inductum
726 1988 799 2036 rem
833 1970 949 2036 verbis
986 1970 1134 2035 auxisse.
1189 1969 1266 2034 Hoc

214 2108 433 2173 nihilominus
465 2111 557 2173 certe
580 2111 743 2191 apparet,
769 2107 923 2172 ClodIum
946 2112 1182 2172 contumacem
1207 2107 1267 2173 mi·

138 2221 140 2226 ’
215 2245 361 2309 nistrum
395 2244 584 2310 trimnvhis
608 2261 645 2309 se
667 2244 881 2326 praestiusse
901 2244 1068 2325 imprImis
1091 2243 1264 2326 Pompeio,

215 2400 316 2463 quem
354 2400 384 2448 a.
421 2382 463 2446 58
497 2383 599 2447 rebus
630 2382 774 2464 publicis
798 2382 935 2447 omnino
959 2382 1131 2447 ahstInere
1152 2382 1265 2462 coegit

217 2536 346 2604 „neque
380 2518 494 2600 legum
528 2513 600 2583 sed'
621 2518 791 2600 parletum
826 2518 993 2600 praesidIo
1028 2518 1138 2583 vitam
1165 2535 1263 2583 suam

214 2657 302 2722 tueri
325 2654 399 2733 (§)·'’
446 2655 651 2721 Plutarchus
674 2655 707 2732 (l.
732 2656 766 2730 l.)
786 2660 905 2721 narrat
923 2655 1076 2721 ClodIum
1088 2657 1265 2722 tribunum

213 2793 258 2874 pl.
282 2793 392 2858 tribus
414 2792 617 2874 praesertim
635 2793 738 2857 rebus
761 2791 922 2873 Pompeio
939 2793 1124 2857 molestum
1138 2793 1264 2860 trisse:

213 2930 419 2995 labefactare
453 2933 596 2994 conatus
634 2934 687 2994 est
721 2945 808 3009 quae
842 2929 1024 3011 Pompeius
1045 2931 1264 3014 inst‘tuerat,

214 3068 393 3147 Tigranem
417 3067 460 3130 ab
485 3083 524 3131 eo
548 3066 707 3150 abduxit,
732 3062 876 3147 elusque'
896 3067 1014 3132 aminis
1037 3067 1115 3132 lites
1138 3067 1264 3133 Intulit.

257 3203 352 3285 Quod
375 3203 465 3286 apud
489 3203 711 3268 Plutarchum
735 3203 884 3285 primum
907 3208 960 3269 est
982 3204 1027 3288 id,
1052 3204 1080 3269 si
1100 3205 1266 3287 temporis

214 3341 366 3405 ordinem
400 3343 493 3405 recte
520 3357 658 3405 servare
681 3339 862 3430 volumus,
885 3335 1058 3421 postremo
1083 3340 1155 3406 loco
1180 3358 1266 3406 com·

215 3476 472 3542 memorandum
496 3479 558 3542 est.
606 3475 672 3541 Cic.
696 3493 757 3557 pro
768 3475 876 3541 Domo
890 3476 939 3541 15.
953 3477 1011 3542 40:
1028 3480 1108 3560 „tua
1121 3476 1266 3558 denique

214 3614 324 3680 omnis
358 3614 446 3679 actio
475 3613 715 3696 posterioribus
749 3613 918 3678 meamhoc
941 3612 1006 3678 luit
1029 3615 1153 3698 omnia,
1178 3632 1266 3696 quae

215 3753 249 3817 C.
275 3751 399 3817 Caesar
433 3751 572 3834 egisset,
608 3750 697 3831 quod
721 3753 840 3815 contra
864 3751 1015 3833 auspicia
1040 3756 1156 3817 essent
1171 3756 1263 3831 acta,

214 3907 273 3971 per
312 3892 469 3954 senatum
509 3887 653 3952 rescindi
688 3888 877 3968 oportere.’'
936 3887 1111 3952 Priorr'boc
1149 3893 1265 3954 autem

216 4091 393 4101 ,-
755 4089 1261 4142 ,ΙΨ-,-

250 4214 285 4286 (ἓ)
320 4213 373 4268 Cio.
390 4219 457 4283 post.
475 4213 542 4267 Red.
559 4213 587 4266 in
606 4202 672 4267 Seu(
685 4211 710 4267 2.
722 4212 748 4266 t.
