2970 5032
727 344 768 408 37

122 627 127 635 Ι
224 537 432 602 conveniunt
456 555 535 602 cum
555 538 597 603 iis
621 541 733 622 rebus²
756 559 843 622 quae
867 543 957 624 apud
984 540 1207 608 Plutarchum
1231 546 1277 608 in·

223 673 426 741 veniuntur:
466 676 577 760 „hunc
609 676 813 757 (Tigranem)
853 679 912 745 Cn.
935 680 1118 761 Pompeius
1141 699 1219 746 curn
1242 683 1275 745 in

223 811 294 877 suis
321 812 445 877 castris
466 812 654 894 supplicem
679 815 848 880 abiectum
868 816 1021 899 vidisset,
1047 818 1157 882 erexit
1173 822 1277 898 atque

224 947 356 1028 insigne
383 948 525 1029 regium,
547 950 637 1030 quod
658 949 714 1015 ille
742 951 783 1014 (le
807 969 869 1017 suo
893 952 1005 1034 capite
1025 953 1206 1036 abiecerat,
1230 972 1276 1018 re·

223 1085 337 1166 posuit
369 1090 404 1149 ct
436 1085 539 1150 certis
572 1087 674 1151 rebus
698 1086 876 1168 imperatis
900 1106 1043 1170 regnare
1066 1090 1199 1156 iussit.”
1227 1092 1275 1156 Dc

222 1221 366 1325 Tigrane
387 1221 464 1303 fillo,
488 1240 589 1304 quem
616 1223 800 1306 Pompeius
817 1225 963 1290 Romam
987 1244 1103 1292 secum
1121 1228 1275 1310 abduxit,

222 1359 307 1424 infra
332 1377 444 1425 sermo
473 1361 546 1426 erit.
580 1397 610 1405 -

263 1635 312 1700 De
336 1635 487 1716 Pompeii
512 1635 612 1700 domo
636 1653 657 1700 a
685 1637 867 1703 Plutarcho
884 1639 1273 1705 etaCiceronerliversa

220 1773 423 1838 traduntur:
449 1773 529 1853 Cap.
554 1773 627 1837 XL.
651 1775 786 1836 ‚malton
805 1772 981 1843 Πομπήιος
999 1770 1103 1844 αὐτὸς
1115 1772 1196 1848 ἄχρι
1213 1781 1274 1831 τοῦ

222 1905 337 1976 τρίτου
355 1902 534 1976 θριάμβου
551 1904 699 1975 μετρίως
715 1904 772 1957 καί
791 1897 930 1971 ἀφελῶς
944 1897 1084 1974 ᾤκησεν.
1114 1901 1274 1975 Ὕστερον

221 2031 257 2088 δὲ
277 2029 457 2100 Ῥωμαίοις
484 2035 588 2089 τοῦτο
606 2032 647 2102 δὴ
665 2031 705 2087 τὸ
722 2031 829 2087 καλὸν
845 2034 902 2086 καί
918 2031 1119 2103 περιβόητον
1136 2028 1274 2101 ἀνιστὰς

219 2161 380 2236 θέατρον,
400 2160 512 2235 ὥσπρ
530 2158 693 2233 ἐφόλκιόν
705 2179 749 2226 τι,
757 2160 1026 2234 παρετεκτήνατο
1036 2160 1274 2235 λαμπροτέραν

219 2291 329 2349 οἰκίαν
353 2288 499 2363 ἐκείνης,
527 2287 759 2362 ἀνεπίφθονον
783 2291 821 2347 δὲ
848 2294 904 2345 καί
933 2290 1075 2361 ταύτην,
1101 2289 1188 2347 ὥστε
1213 2292 1273 2348 τὸν

217 2419 398 2490 γενόμενον
432 2419 596 2489 δεσπότην
624 2415 727 2489 αὐτῆς
753 2418 839 2487 μετὰ
854 2417 1044 2488 Πομπήιον
1070 2403 1273 2474 cinamomo

217 2548 411 2617 θαυμάζειν
446 2551 503 2602 καί
528 2516 795 2613 πυνθάνεσθαι,
833 2550 899 2602 ποῦ
935 2547 1112 2617 Πομπήιος
1137 2547 1272 2617 Μάγνος

217 2679 370 2741 ε’όείπνει.
390 2687 505 2740 Ταῦτα
522 2679 585 2753 μέν
603 2667 666 2741 οὖν
684 2682 849 2754 λίγεται.”
895 2682 1015 2762 Itaque
1039 2683 1068 2747 si
1088 2682 1271 2747 Plutarcho

217 2817 301 2883 fides
331 2819 490 2884 habenda
514 2820 578 2901 sit,
607 2820 789 2901 Pompeius
812 2820 910 2883 iuxta
932 2819 1108 2884 theatrum
1132 2820 1269 2884 domum

216 2957 278 3023 sibi
312 2958 522 3040 aedificavit3
547 2958 649 3023 aliam
675 2958 764 3023 enirn
788 2957 1051 3040 explicationem
1074 2957 1169 3023 locus
1193 2958 1270 3023 cita-

215 3097 290 3178 tus,
323 3112 378 3160 rne
413 3095 539 3177 iudice,
577 3113 643 3159 non
684 3094 838 3159 admittit
861 3098 912 3170 (t).
956 3095 1141 3160 Theatrum
1165 3095 1267 3159 situm

215 3236 288 3296 orat
322 3233 356 3296 in
396 3232 522 3314 Campo
562 3232 704 3313 Mart103
741 3231 940 3313 Pompeium
974 3249 1055 3297 vero
1079 3232 1114 3295 in
1138 3231 1268 3297 Carinis

215 3369 353 3435 domum
377 3372 548 3453 hahuisse,
577 3374 674 3453 patet
698 3388 740 3434 ex
765 3370 870 3435 Clodii
895 3370 1001 3436 dicto:
1027 3370 1093 3436 Cic.
1118 3370 1160 3434 de
1183 3370 1265 3435 Har.

214 3523 301 3588 resp.
328 3508 380 3571 23.
406 3509 458 3571 49.
490 3557 519 3591 „.
535 3557 540 3572 .
556 3558 562 3572 .
578 3558 585 3573 .
604 3524 680 3570 cum
704 3507 738 3570 in
763 3506 978 3571 contionibus
1001 3505 1161 3582 (Clodius)
1185 3506 1267 3570 dice-

213 3647 283 3727 ret,
319 3643 407 3708 velle
444 3661 481 3708 se
504 3643 538 3707 in
564 3643 694 3707 Carinis
717 3641 895 3707 aedificare
918 3641 1063 3707 alteram
1086 3643 1265 3725 porticum,

248 3892 285 3963 (ᾖ)
304 3893 445 3947 Drumann
473 3893 529 3962 (lv.
557 3891 622 3963 537)
650 3892 788 3946 Plutarchi
807 3891 888 3944 verba
906 3891 944 3944 sic
963 3891 1087 3961 exponit:
1108 3890 1264 3962 Pompeium

191 4031 267 4083 ,non
288 4018 371 4072 tracto
389 4017 526 4069 theatrum
550 4016 596 4068 sed
616 4018 704 4071 simul
722 4032 786 4070 cnm
801 4015 907 4068 theatro
916 4013 1027 4067 domum
1037 4013 1209 4067 exstruxisse.
1228 4015 1264 4066 At

213 4127 347 4200 ἐφόλκιον
377 4134 476 4203 scapha
503 4139 544 4186 est
571 4134 631 4187 navi
656 4149 767 4187 annexa.
787 4133 831 4193 (ef.
852 4133 922 4186 Plul.
942 4132 1035 4203 Pomp.
1054 4147 1112 4202 cap.
1132 4131 1263 4202 Lxxlllt

213 4253 281 4315 Quid
300 4253 381 4323 igitur·
400 4254 466 4306 hacc
488 4253 576 4321 imago
595 4253 644 4306 sihi
656 4252 721 4320 vult,
730 4253 780 4305 nisi
791 4258 821 4305 ut
831 4252 950 4305 locorum
960 4251 1081 4304 vicinitas
1090 4251 1262 4321 significetur.
