2970 5032
717 367 759 431 29

216 562 384 628 coloribus
407 562 559 646 Pompeii
582 564 784 646 improbitas
807 568 842 629 et
865 564 1048 630 crudelitas
1060 564 1259 649 illustretur,

131 714 134 719 ’
215 704 380 784 attamen,
405 717 511 781 quum
523 700 582 767 Cn.
594 700 762 767 Domitius
776 701 1037 785 Ahenobarbus,
1051 702 1189 786 Brutus,
1203 701 1262 767 Cn.

216 837 324 902 Carbo
348 841 383 902 et
405 837 585 919 Perpenna
605 839 833 922 nominentur,
858 838 893 902 in
918 839 1106 904 Carbonem
1127 843 1263 904 tantum

216 937 398 1055 Pompeius
430 974 586 1055 ingratus
608 975 713 1041 luisse
737 975 868 1040 dicitur.
915 975 1122 1040 Plutarchus
1148 979 1263 1041 autem

217 1110 379 1176 Carbonis
401 1116 549 1179 mortem
571 1129 715 1178 narrans
737 1112 821 1177 nihil
833 1112 997 1178 eiusmodi
1009 1115 1263 1196 commemorat,

178 1312 181 1319 .
214 1247 328 1330 itaque
338 1248 491 1330 suspioor
500 1265 579 1315 eum
588 1249 726 1315 nomina
734 1251 947 1331 permutasse
955 1249 1041 1314 etad
1051 1249 1264 1332 Perpennam

214 1383 441 1467 transtulisse,
465 1401 554 1465 quae
577 1383 621 1449 ad
645 1384 833 1449 Carbonem
854 1384 1030 1450 referenda
1050 1385 1205 1451 fuissent.
1221 1419 1262 1431 -

255 1658 410 1724 Exeunte
433 1676 523 1724 anno
548 1660 587 1723 71
611 1658 795 1739 Pompeius
817 1659 851 1722 in
875 1658 1010 1724 Italiam
1034 1659 1144 1743 rediit,
1173 1663 1260 1740 post

213 1812 316 1874 quam
355 1795 390 1859 in
416 1794 584 1877 Hispania
606 1795 775 1860 maximos
797 1795 968 1860 tumultus
995 1794 1138 1860 sedavit.
1166 1794 1258 1876 (Cap.

214 1930 322 2006 XXI).
369 1931 503 2013 Quanta
526 1930 628 1998 merit
654 1932 806 2013 Pompeii
826 1936 981 2013 potestas
1004 1933 1039 1997 in
1058 1933 1261 2004 constituen-

216 2069 268 2134 dis
290 2070 392 2135 rebus
414 2069 712 2153 Hispaniensibus
726 2070 875 2135 cernitur
891 2030 989 2135 Balbi
1002 2069 1169 2152 exemplo.
1194 2069 1260 2135 Cic.

200 2224 275 2286 ,pro
312 2206 349 2272 L.
377 2207 474 2272 Corn.
498 2206 605 2272 Balbo
629 2208 660 2272 8.
687 2207 748 2287 163
777 2207 968 2292 ‚,Nasoitur,
995 2207 1133 2291 iudioeS,
1158 2224 1261 2272 causa
1300 2219 1306 2232 ·

215 2343 358 2409 Cornelii
393 2361 437 2409 ex
472 2360 513 2409 ea
547 2343 631 2428 lego,
666 2361 769 2425 quam
789 2343 825 2410 L.
852 2343 980 2409 Cellius
1004 2344 1062 2409 Cn.
1087 2344 1261 2411 Cornelius

215 2497 257 2544 ex
281 2485 421 2546 senatus
453 2482 624 2547 sententia
646 2480 820 2546 tulerunt:
840 2499 907 2562 qua
922 2481 996 2562 lege
1008 2482 1164 2548 videmus
1176 2483 1261 2549 satis

214 2635 290 2683 esse
312 2620 480 2701 sanctum,
502 2621 542 2684 ut
561 2618 654 2683 cives
676 2616 820 2681 Romani
847 2617 916 2682 sint
938 2617 979 2700 ei,
998 2635 1082 2698 quos
1093 2618 1151 2684 Cn.
1167 2619 1260 2684 Pom·

214 2755 310 2837 peius
333 2754 374 2820 de
398 2754 527 2821 consilii
551 2753 722 2820 sententia
746 2752 944 2834 singillatim
966 2753 1106 2818 civitate
1119 2754 1261 2819 donave-

214 2885 290 2956 rit.”
334 2890 373 2955 In
396 2890 532 2956 ltaliam
554 2890 689 2956 rediens
710 2890 892 2971 Pompeius
915 2890 1033 2955 incidit
1055 2891 1090 2954 in
1102 2891 1261 2972 reliquias

214 3027 292 3091 belli
320 3027 454 3094 servilis
476 3044 583 3110 nuper
606 3045 627 3092 a
651 3027 772 3093 Crasso
796 3026 839 3093 ad
860 3026 964 3092 linem
984 3027 1148 3109 perducti.
1194 3027 1261 3091 Ali·

213 3181 316 3252 quam
340 3164 440 3230 huius
462 3163 540 3230 belli
564 3164 690 3245 gloriae
711 3135 843 3245 partem
867 3164 1005 3230 fortuna
1028 3164 1189 3246 Pompeio
1205 3165 1260 3230 tri·

212 3300 296 3382 buit,
332 3318 437 3382 quum
470 3299 539 3366 iam
567 3304 670 3366 antea
693 3300 783 3365 haud
807 3300 953 3366 multum
978 3300 1154 3384 abluisset,
1180 3301 1260 3382 quin

214 3437 356 3503 Crassus
379 3438 451 3502 eius
474 3437 639 3503 auxilium
659 3437 855 3503 invocaret:
876 3437 966 3502 Plut.
981 3436 1090 3503 Crass.
1105 3437 1185 3518 Cap.
1198 3433 1259 3502 XI.

212 3587 414 3662 „tristatos
430 3587 605 3662 γεγραφώς
621 3590 662 3660 τῇ
679 3588 784 3658 βουλῇ
800 3584 966 3659 πρότερον
975 3581 1021 3656 ὡς
1030 3581 1094 3660 χρή
1108 3589 1167 3642 καὶ
1177 3585 1259 3642 Aao-
1276 3627 1279 3632 -

212 3725 337 3778 κολλον
362 3716 401 3777 ἐκ
420 3719 551 3794 Θρᾴκης
568 3723 684 3777 καλεῖν
702 3722 759 3775 καὶ
777 3717 898 3789 fluum}
905 3735 958 3774 ιον
975 3713 1011 3789 ἐξ
1028 3712 1186 3792 Ἰβηρίας,
1203 3736 1260 3787 με·

213 3855 321 3913 τενόει
338 3859 394 3912 καὶ
410 3858 489 3929 πρὶν
506 3852 601 3926 ἥκειν
618 3849 766 3922 ἐκείνους
783 3848 924 3909 ’ἔσπευδε
934 3849 1189 3923 διαπράξασθαι
1200 3849 1260 3907 τὸν

211 3990 372 4059 πόλεμον,
390 3987 489 4059 εἰδώς
507 3985 560 4045 ὅτι
577 3989 639 4044 τοῦ
660 3982 931 4061 προσγενομένου
948 3985 1005 4040 καὶ
1022 3981 1260 4054 βοηθήσαντος

213 4121 279 4194 οὐχ
297 4119 403 4180 αὑτοῦ
421 4123 460 4181 τὸ
478 4121 689 4194 κατόρθωμα
708 4118 828 4190 δόξει.”

257 4263 376 4343 ltaque
401 4261 514 4326 Cioero
538 4260 652 4340 aliqua
673 4258 828 4325 veritatis
850 4257 961 4338 speeie
985 4257 1095 4321 dicere
1119 4255 1257 4338 potuit:
