2970 5032
793 355 813 419 6

319 551 417 616 Nunc
440 551 628 635 videamus,
652 553 775 633 quibus
797 552 880 618 locis
903 556 939 618 et
954 553 1122 634 quomodo
1139 554 1321 636 Pompeius

276 687 329 754 his
352 687 420 753 XV
444 689 613 771 capitibus
636 689 815 773 laudetur;
840 691 952 772 capite
975 692 1084 773 primo
1109 695 1144 757 et
1167 670 1262 758 initio
1275 710 1325 757 ca·

275 825 356 907 pitis
379 826 518 892 secundi
541 826 693 909 Pompeii
716 826 865 893 virtutes
888 827 992 892 animi
1014 831 1052 893 et
1068 829 1218 910 corporis
1240 846 1325 895 com·

274 926 518 1049 memorantur,
552 963 646 1029 nulla
669 981 705 1030 re
728 965 841 1030 minus
864 965 1041 1047 probanda
1064 965 1229 1032 admixta.
1275 967 1325 1030 In·

275 1087 379 1167 sanae
401 1101 550 1167 libidinis
572 1101 817 1168 insimulationi
841 1107 1059 1185 opponuntur
1082 1104 1269 1169 modestiae
1290 1110 1325 1169 et

199 1216 203 1221 ¹
274 1239 522 1320 temperantiae
553 1239 735 1321 exempla:
767 1256 845 1305 eum
868 1238 1004 1305 Floram
1029 1239 1183 1306 Cominio
1208 1241 1326 1321 permi-

275 1376 360 1442 sisse
388 1381 423 1442 et
445 1376 635 1462 timentem,
659 1395 702 1443 ne
725 1378 815 1444 male
838 1377 981 1462 audiret,
1005 1383 1141 1459 praeter
1164 1381 1325 1444 naturam

274 1512 436 1578 Demetrii
471 1531 578 1579 uxore
609 1532 730 1596 aspere
764 1532 865 1580 usum
888 1532 974 1582 esse.
1020 1514 1147 1580 Deinde
1171 1516 1325 1596 sequitur

273 1650 480 1733 frugalitatis
515 1653 721 1737 exemplum,
757 1653 847 1735 quod
882 1653 986 1718 etiam
1021 1653 1056 1717 in
1089 1653 1162 1719 vita
1193 1653 1324 1718 Luculli

274 1794 358 1872 (cap.
391 1789 466 1864 XL)
501 1793 627 1856 exstat.
661 1789 755 1871 Quae
777 1807 878 1872 porro
903 1789 944 1855 de
967 1790 1119 1872 Pompeii
1142 1790 1322 1857 iuventute

274 1927 443 2010 leguntur,
479 1927 593 1992 omnia
621 1927 651 1992 ei
674 1927 765 1992 laudi
789 1943 865 1993 esse
888 1892 1038 1993 debent:
1064 1897 1149 2008 (cap.
1174 1927 1233 2003 ΠΙ)
1257 1927 1324 1992 ani-

273 2043 350 2130 mus
373 2064 491 2130 firmus
514 2069 549 2130 et
572 2068 734 2130 constans
757 2063 792 2128 in
815 2064 962 2128 Terentii
979 2064 1222 2148 coniuratione,
1240 2070 1323 2146 (cap.

273 2202 333 2277 IV)
355 2201 550 2267 innocentia
573 2201 605 2264 in
631 2200 752 2265 iudicio
776 2199 817 2264 de
840 2200 940 2265 bonis
962 2200 1145 2267 Asculanis
1169 2206 1203 2266 et
1216 2202 1325 2282 gratia

275 2338 457 2420 popu-laris.
504 2337 710 2403 Praesertim
733 2354 820 2419 quae
844 2336 885 2402 de
908 2336 1035 2402 Cinnae
1057 2342 1168 2422 morte
1190 2339 1326 2404 tradun-

276 2483 332 2543 tur
354 2477 447 2542 nullo
471 2475 571 2542 modo
595 2477 720 2541 hausta
740 2475 1195 2559 essevidenturescriptore
1208 2479 1325 2544 Caesa·

275 2617 388 2698 riano;
412 2615 595 2698 namquid
618 2614 709 2680 aliud
733 2618 808 2681 tota
831 2614 890 2680 illa
913 2617 1065 2683 narratio
1083 2617 1247 2702 sibivult⁷
1260 2619 1325 2684 nisi

275 2760 314 2821 ut
337 2755 600 2837 demonstretur,
625 2752 781 2819 iambum
794 2753 994 2835 Pompeium
1007 2755 1097 2836 apud
1110 2755 1236 2822 milites
1249 2757 1325 2839 plus

272 2892 423 2958 valuisse
442 2908 545 2972 quam
569 2889 727 2956 Cinnam.
753 2893 794 2966 (ἓ)

280 3146 283 3152 ’
319 3164 495 3247 Capitibus
518 3163 647 3228 VI—X
670 3131 821 3245 Pompeii
845 3181 900 3229 res
923 3168 1041 3245 gestae
1064 3165 1099 3229 in
1122 3164 1222 3230 ltalia
1246 3171 1324 3248 post

276 3303 389 3370 Sullae
411 3301 559 3367 reditum
586 3300 635 3365 sic
657 3304 842 3366 narrantur
865 3304 904 3366 ut
926 3300 997 3366 fere
1021 3302 1227 3368 conveniant
1248 3321 1325 3368 cum

210 3444 213 3450 ’
275 3439 445 3506 Ciceronis
467 3438 582 3505 verbis
603 3437 639 3501 in
662 3454 702 3502 ea
726 3437 879 3503 oratione
902 3455 969 3518 qua
992 3437 1191 3519 Pompeium
1213 3440 1325 3506 nimiis

276 3577 432 3644 laudibus
456 3573 591 3641 extollit
613 3580 685 3656 (pro
708 3574 782 3656 lege
805 3572 942 3639 Manilia
964 3575 1014 3664 ll.
1028 3577 1104 3650 aul:
1131 3576 1251 3660 „testis
1265 3576 1323 3643 Cn.

311 3799 349 3873 (p
369 3796 563 3852 uolumina
592 3795 625 3848 de
651 3765 751 3849 Cinnae
779 3800 882 3849 morte:
910 3794 979 3866 (nv.
996 3796 1078 3867 vnpn.
1098 3797 1157 3852 nro.
1176 3798 1323 3871 uxxxrn)

276 3921 360 3975 Cinna
382 3919 416 3973 ab
435 3915 555 3971 exercitu
575 3929 632 3984 suo,
653 3931 735 3986 quem
752 3914 866 3968 invitum
885 3914 995 3984 cogebat
1010 3932 1092 3969 naves
1108 3917 1324 3972 conscenderent

276 4040 405 4094 adversus
424 4036 527 4091 Sullam
546 4034 686 4106 proficisci,
708 4032 865 4087 interiectus
884 4038 933 4087 cst.
953 4032 987 4087 cf.
1006 4033 1102 4088 Drum.
1122 4034 1153 4090 G.
1165 4035 1198 4090 R.
1208 4036 1252 4090 IV.
1262 4035 1323 4091 3213.

276 4158 330 4213 Cic.
357 4158 391 4212 de
423 4155 483 4210 Nat.
506 4155 585 4209 Deor.
602 4152 647 4209 ΠΙ.
665 4151 726 4208 3ἳ.;
751 4167 816 4205 »cur
834 4151 955 4206 omnium
977 4153 1180 4208 crudelissimus
1203 4155 1322 4209 tamdiu

276 4277 360 4332 Cinna
378 4273 520 4347 agnavis?
538 4278 566 4328 at
581 4272 655 4326 dedit
671 4269 796 4342 poenas''
