2970 5032
728 316 769 379 73

213 531 339 596 quam:
375 531 482 578 unum
516 512 689 595 dissimile,
725 512 813 593 quod
849 512 926 576 huic
960 511 1096 591 merito;
1121 528 1202 574 nam
1226 511 1266 574 de

212 653 288 733 ipso
326 668 408 716 casu
437 650 551 716 nescio
575 668 618 714 an
646 649 728 714 illud
752 649 883 714 melius.
909 649 989 730 quid
1013 648 1102 714 enirn
1127 649 1190 713 hoc
1210 648 1267 712 mi·

213 787 325 854 serius
348 805 451 868 oriam
474 804 563 870 eum,
588 787 645 868 qui
668 790 722 852 tot
745 804 864 869 annos,
889 791 973 867 quot
988 787 1103 868 habet,
1117 785 1266 865 designa·

214 930 273 991 tus
300 925 418 990 consul
441 924 560 1007 fuerit,
584 923 656 989 fieri
680 923 854 990 consulem
877 941 946 988 non
969 940 1069 1005 posse
1082 922 1118 987 ?'’

261 1064 446 1128 Praeturae
486 1062 726 1144 competitores
759 1061 843 1126 Cato
879 1065 914 1126 et
936 1059 1097 1124 Vatinius
1119 1059 1266 1124 fuerunt.

216 1201 344 1266 Actum
368 1203 422 1264 est
444 1199 479 1264 in
499 1203 623 1265 senatu
647 1199 688 1264 de
712 1216 752 1264 ea
776 1217 830 1265 re:
854 1198 913 1280 Ep.
938 1198 981 1264 ad
1005 1198 1042 1280 Q.
1061 1198 1101 1263 fr.
1126 1197 1166 1263 Π.
1193 1199 1222 1263 7.
1236 1199 1266 1263 3.

219 1356 270 1422 „a
305 1338 335 1404 d.
368 1337 427 1402 ΠΙ.
464 1336 512 1402 Id.
549 1337 647 1403 Febr.
675 1339 818 1402 senatus
842 1336 1035 1402 consultum
1062 1335 1267 1401 estfactum

216 1477 259 1542 de
277 1475 410 1541 ambitu
434 1474 469 1538 in
494 1474 626 1539 Afranii
650 1474 868 1556 sententiam,
893 1491 997 1554 quarn
1020 1490 1082 1554 ego
1104 1472 1266 1553 dixeram,

216 1631 295 1679 cum
318 1617 358 1678 tu
379 1612 538 1693 adesses;
564 1612 623 1677 sed
643 1629 769 1692 magno
789 1599 867 1676 cum
894 1611 1023 1690 gemitu
1042 1614 1184 1676 senatus
1196 1629 1269 1676 con-

217 1752 310 1818 sules
334 1767 402 1814 non
426 1754 508 1815 sunt
531 1750 701 1833 persecuti
714 1767 832 1815 eorum
844 1749 1044 1832 sententias,
1057 1749 1115 1830 qui
1127 1749 1268 1814 Afranio

217 1907 296 1955 oum
320 1893 436 1955 essent
460 1888 601 1971 assensi,
626 1887 839 1986 addiderunt,
863 1890 904 1952 ut
925 1890 1100 1969 praetores
1121 1887 1170 1951 ita
1183 1903 1270 1950 crea·

220 2031 347 2109 rentur,
376 2029 415 2090 ut
444 2025 515 2091 dies
548 2025 612 2090 LX
647 2024 773 2107 privati
809 2027 934 2090 essent.
963 2040 1002 2089 eo
1027 2023 1079 2088 die
1105 2023 1269 2088 Catonem

222 2162 321 2244 plane
355 2151 589 2245 repudiarunt.
622 2163 701 2244 quid
720 2163 857 2228 multa?
879 2165 1000 2227 tenent
1022 2161 1145 2243 omnia,
1169 2161 1269 2242 idque

218 2299 269 2366 ita
301 2318 419 2366 omnes
451 2299 640 2381 intelligere
673 2297 826 2365 volunt.”
874 2298 989 2363 Cicero
1020 2299 1093 2380 ipse
1121 2301 1270 2363 testatur

218 2456 257 2504 se
285 2439 412 2503 Vatinii
435 2437 635 2520 petitionem
660 2437 922 2519 oppugnavisse,
947 2452 1057 2517 neque
1080 2439 1153 2500 tam
1180 2435 1270 2500 illius

219 2576 375 2642 laedendi
411 2592 524 2657 causa,
559 2592 662 2656 quam
688 2574 888 2639 defendendi
913 2577 1016 2654 atque
1045 2574 1186 2639 ornandi
1214 2573 1270 2638 Ca-

220 2715 311 2780 tonis
332 2718 384 2791 (ἕ).

265 2853 354 2932 Lege
387 2849 554 2916 Trebonia
573 2849 768 2931 provinciae
792 2849 890 2931 Syria
919 2853 953 2914 et
974 2847 1141 2929 Hispania
1163 2847 1270 2911 decer-

222 2991 392 3054 nebantur
427 2986 634 3069 oonsulibus,
659 2987 716 3068 qui
739 2987 828 3051 inter
849 3003 924 3052 sese
942 2985 1172 3064 convenirent,
1195 2968 1271 3047 uter

222 3127 320 3209 hanc,
353 3129 430 3190 uter
468 3123 562 3189 illam
600 3125 785 3206 acciperet;
822 3125 886 3190 hoc
910 3123 964 3188 eni
1024 3124 1080 3188 lex
1103 3122 1271 3187 incertum

220 3265 415 3346 reliquerat,
447 3279 556 3343 neque
590 3261 723 3327 sortitio
747 3261 839 3326 iacta
866 3265 919 3326 est
942 3265 995 3338 (t).
1041 3261 1088 3325 Eo
1112 3260 1271 3341 pertinet,

258 3520 296 3591 (gl
319 3521 366 3591 Ep.
385 3520 419 3574 ad
437 3520 512 3574 Fam.
531 3520 551 3575 l.
571 3519 596 3575 9.
616 3519 658 3574 lu.
679 3519 819 3572 Drumann
838 3517 891 3583 (VI.
910 3517 939 3586 l)
958 3516 1001 3569 his
1021 3515 1108 3600 verbis
1128 3514 1209 3567 sidem
1226 3513 1271 3565 de-

221 3644 317 3708 negat:
337 3639 428 3693 Cicero
447 3640 518 3693 enim
539 3644 648 3710 propter
667 3638 862 3692 dissensionem
881 3637 920 3689 de
933 3636 1017 3690 Clodii
1038 3635 1139 3705 legibus
1150 3650 1213 3686 curn
1223 3633 1271 3686 Ca-

223 3764 285 3811 tone
304 3758 454 3811 simultates
472 3732 612 3812 exercebat
629 3764 665 3826 et,
684 3775 718 3811 ne
731 3757 869 3811 Vatinium
879 3760 1054 3826 oppugnaret.
1066 3759 1139 3807 metu
1150 3753 1271 3806 Caesaris

221 3877 433 3932 absterrebatur.
471 3879 505 3931 At
528 3878 612 3932 oratio
631 3878 658 3931 in
677 3877 804 3930 Pisonem
824 3876 984 3930 documento
1002 3879 1043 3927 est
1061 3873 1217 3926 Ciceronem
1232 3873 1272 3925 in-

220 3963 332 4045 terdum
352 3990 457 4060 rupisse
475 3989 644 4058 obsequium,
662 3989 733 4059 quod
753 3988 861 4042 Caesari
879 3987 997 4040 deberet.

264 4109 308 4182 (†)
327 4110 397 4165 Plut.
417 4109 505 4165 Crass,
524 4107 663 4177 Capilli.
683 4092 888 4175 Kipooops'vow
910 4103 942 4159 ab
961 4106 1071 4171 Συρίαν
1090 4101 1169 4172 ἔλαχε
1181 4103 1273 4171 Κράσ·

184 4281 185 4284 ,
221 4249 280 4295 σος,
302 4226 336 4282 rr‘r
355 4224 380 4282 δ’
397 4223 521 4298 Ἰβηρικὰ
541 4222 700 4293 Πομπήιος.
718 4227 756 4280 Cs.
777 4227 872 4281 Drum.
894 4224 937 4278 ΙΙΙ.
957 4223 1016 4278 282.
