2970 5032
713 357 775 436 loa
819 426 822 431 ,

212 561 317 635 ailam
341 568 433 636 oaolo
457 571 521 637 hoo
544 589 585 637 ao
608 573 730 655 spiritu
754 574 927 639 censoriae
939 575 1031 656 logos
1043 581 1158 660 (atquo
1170 563 1264 645 urbis

213 710 392 787 domicilio)
417 729 533 778 oaroro
556 713 751 780 voluerunt.

256 843 407 908 Dalanda
431 860 519 923 quae
541 846 675 911 uncinis
697 846 829 912 inolusi.

678 1129 806 1196 XVIII.

260 1357 325 1423 Cio.
364 1357 404 1422 do
431 1357 538 1423 Domo
563 1375 626 1423 sua
650 1359 702 1422 28.
729 1360 792 1425 74:
817 1359 998 1424 Proximus
1023 1363 1077 1425 ost
1099 1360 1177 1425 huio
1201 1359 1268 1440 dig·

215 1496 317 1561 niuali
353 1472 434 1561 ordo
458 1485 637 1575 equosier:
662 1496 788 1561 Omnes
812 1497 963 1562 omnium
982 1498 1195 1579 pllblioorum
1218 1515 1268 1562 so-

216 1634 360 1699 oiotatos
384 1634 424 1699 do
447 1651 523 1698 meo
548 1633 728 1699 consulatu
751 1651 792 1698 ao
816 1634 856 1699 do
872 1635 1268 1716 moisrobusgoslisam-

216 1759 371 1853 piissima
394 1774 497 1853 atquo
522 1749 740 1836 ornatissima
764 1771 901 1837 decreta
924 1771 1087 1837 focerunt.

259 1909 326 1974 Pro
351 1909 564 1990 publicorum
587 1908 769 1989 legendum
792 1909 1061 1990 publicanorum.

696 2153 792 2218 XIX.
869 2216 873 2222 .

265 2383 330 2450 Cio.
355 2385 390 2448 in
413 2385 591 2451 Vatinium
619 2386 670 2450 10.
696 2385 748 2449 24.

264 2525 356 2605 Quae
379 2524 443 2589 hoo
467 2523 540 2588 looo
564 2522 724 2602 leguntur
748 2540 822 2586 oum
849 2522 1071 2602 sequentibus
1094 2521 1209 2603 aptius
1222 2539 1271 2586 oo-

219 2663 420 2746 haorabunl‚
457 2662 486 2727 si
515 2660 637 2726 ultima
660 2659 848 2727 vocabula:
876 2658 1008 2744 „doloro
1031 2630 1193 2725 voluisli'’
1219 2676 1271 2723 ox·

219 2804 427 2882 punguntur.

708 3048 789 3140 nx,

266 3284 353 3352 Voll.
383 3284 459 3351 Pai.
482 3282 524 3352 Π.
551 3284 615 3350 33;
640 3284 699 3366 qul
722 3282 847 3365 alioqui
871 3299 930 3364 por
954 3279 1069 3346 omnia
1092 3276 1274 3344 laudabilis

223 3429 258 3490 oi
286 3425 375 3491 bollo
399 3441 508 3508 paona
531 3423 681 3488 invictus
703 3422 867 3504 pecuniae
890 3419 1082 3502 pellebatur
1105 3417 1272 3499 cupidine.

266 3567 332 3631 Pro
357 3565 414 3647 qui
436 3563 511 3644 logo
535 3563 624 3642 quia.
708 3530 721 3546 ⁵

699 3787 797 3854 XXI.

267 4002 372 4092 Rutil.
405 4025 489 4108 Lup.
513 4025 555 4089 Π.
583 4025 644 4090 16:
669 4026 704 4088 ol
726 4024 866 4105 proptor
888 4018 990 4104 huius
1012 4014 1151 4080 honoris
1174 4010 1276 4093 digni-

223 4169 333 4231 ialam
357 4128 699 4245 superbiaonosirao
723 4177 823 4224 nomo
846 4156 1021 4237 oestloium
1045 4151 1231 4234 experitur.

268 4299 378 4380 Lego:
402 4296 588 4362 fastidium.
