2970 5032
725 358 768 420 89

214 553 294 635 quid
328 553 509 635 Pompeius
526 559 635 636 agat,
673 572 716 619 ne
751 555 861 638 ipsum
893 556 1029 638 quidem
1053 558 1139 622 scire
1167 560 1269 640 puto;

216 694 376 757 nostrum
400 690 536 772 quidem
559 692 692 756 nemo.”
739 693 866 757 Rerum
884 692 1114 759 conditionem
1137 695 1270 775 egregie

215 827 269 892 his
304 826 418 892 verbis
453 827 637 909 expressit:
684 828 924 912 „commissum
964 828 1099 910 quidem
1124 847 1149 911 ,a
1172 831 1270 895 nobis

215 966 307 1028 certe
319 963 458 1028 estsine
470 981 491 1027 a
503 966 621 1029 nostro
635 963 729 1047 duce,
752 969 791 1029 ut
803 982 822 1029 e
833 968 935 1046 portu
947 964 1020 1030 sine
1032 966 1269 1046 gubernaculis

215 1099 353 1182 egressi,
377 1100 576 1180 tempestati
592 1117 655 1166 nos
667 1100 882 1166 traderemus
897 1099 960 1178 (ἓ)”
978 1101 1163 1167 Consilium
1175 1102 1270 1167 urbis

214 1237 454 1319 relinquendae
477 1237 736 1319 reprehenditur
759 1238 996 1304 Themistoclis
1019 1242 1055 1304 et
1076 1238 1215 1304 Periclis
1227 1239 1270 1303 al·

214 1376 285 1442 lato
296 1375 462 1459 exemplo,
473 1376 562 1457 quod
571 1376 877 1459 Plutarchuleap.
888 1376 1010 1452 LXlH)
1020 1376 1063 1441 ad
1071 1376 1269 1459 Pompeium

214 1514 330 1595 copias
365 1531 408 1578 ex
445 1513 549 1579 Italic
585 1513 809 1579 deducentem
841 1514 984 1580 rettulit.
1031 1514 1091 1596 Ep.
1126 1514 1168 1579 ad
1192 1512 1267 1579 Att.

213 1650 288 1716 vu.
332 1652 381 1716 11.
418 1653 437 1715 a
475 1650 601 1736 ,qnare
641 1627 703 1716 ’1111
734 1652 911 1717 consulum
934 1652 1087 1733 Pompeii
1109 1651 1269 1717 viderur?

215 1787 279 1852 hoc
303 1804 428 1868 quaero
453 1787 542 1868 quod
566 1789 687 1852 urbem
709 1789 944 1870 reliquerit...
972 1806 1059 1874 „non
1072 1793 1135 1871 est,
1148 1790 1267 1872 inquit,

216 1924 250 1989 in
285 1924 473 2006 parietibus
507 1942 562 1990 res
585 1925 752 2009 publica,”
776 1930 813 1990 at
835 1926 870 1990 in
901 1925 969 1991 aris
993 1928 1028 1990 et
1049 1926 1142 1992 focis.
1170 1925 1269 2010 „fecit

216 2061 480 2143 Themistoclem
508 2062 649 2128 fluctum
662 2063 754 2127 enirn
769 2063 876 2128 totius
891 2063 1070 2128 barbariae
1089 2063 1177 2129 ierre
1186 2065 1268 2129 urbs

216 2217 283 2264 una
307 2217 376 2265 non
399 2196 570 2282 poterat,''
588 2203 626 2265 at
648 2201 740 2265 idem
766 2200 912 2266 Pericles
934 2218 1003 2266 non
1025 2201 1115 2284 fecit,
1140 2218 1268 2266 annum

215 2336 284 2402 iere
317 2340 397 2418 post
418 2337 747 2420 quinquagesimum,
778 2355 855 2403 cum
871 2342 1007 2420 praeter
1026 2339 1160 2404 moenia
1185 2338 1268 2403 nihil

216 2478 359 2556 teneret,
378 2480 413 2540 et
429 2463 537 2540 nostri
556 2475 636 2539 olim
655 2476 739 2540 urbe
760 2475 889 2555 reliqua
908 2479 1009 2557 capta
1025 2492 1136 2540 arcem
1150 2480 1267 2541 tamen

215 2611 463 2676 retinuerunt.’'
488 2614 530 2686 (†)

262 2747 427 2812 Graviore
451 2765 564 2812 errore
588 2746 793 2812 Plutarchus
816 2763 853 2812 so
869 2747 1047 2831 implicuit,
1073 2765 1177 2828 quum
1195 2766 1267 2812 nar·

215 2879 309 2941 raret
331 2875 424 2957 (Cup.
448 2874 564 2949 LXII)
588 2876 734 2941 Romam
761 2879 963 2956 occupatam
987 2892 1096 2940 ossea
1113 2875 1267 2958 Caesare,

216 3017 402 3094 antequam
426 3013 625 3093 Pompeium
648 3011 821 3077 Brundisii
844 3011 1024 3077 obsederit.
1049 3012 1088 3076 ln
1114 3012 1268 3077 Caesaris

217 3149 299 3214 Vita
332 3149 424 3230 (Cap.
459 3148 611 3223 XXXV)
647 3149 710 3213 hoc
745 3149 866 3214 melius
902 3149 1085 3230 exponitur
1119 3150 1268 3230 itemque

219 3286 388 3352 Ciceronis
421 3285 617 3353 testimonio
653 3286 778 3368 liquido
821 3287 1041 3353 confirmatur
1077 3287 1267 3368 Caesarem,

218 3424 300 3490 dum
334 3423 516 3506 Pompeius
551 3425 586 3487 in
620 3423 720 3488 ltalia
743 3427 950 3505 versaretur,
979 3424 1100 3505 pedem
1124 3426 1268 3489 Romam

218 3580 286 3628 non
309 3560 465 3627 intulisse
488 3560 547 3626 sed
573 3560 716 3626 Corfinio
741 3565 841 3641 capto
868 3563 962 3625 recta
986 3561 1042 3626 via
1054 3561 1269 3626 contendisse

218 3698 448 3763 Brundisium.
494 3698 543 3779 Ep
579 3698 622 3763 ad
657 3698 732 3762 Att.
770 3697 861 3762 VIH.
896 3698 945 3762 14.
973 3698 1001 3762 i.
1026 3702 1101 3773 (scr.
1126 3698 1269 3763 Forrniis

218 3852 248 3900 a.
286 3834 316 3898 d.
341 3834 390 3897 Vl
412 3833 499 3898 Non.
523 3833 621 3898 Mart.
646 3852 677 3899 a.
702 3834 756 3908 49)
790 3833 929 3916 „eodem
953 3833 1005 3898 die
1028 3833 1127 3899 video
1153 3835 1269 3901 Caesa·

254 4149 286 4221 11)
306 4149 353 4220 Ep.
372 4151 406 4204 ad
424 4149 479 4203 Art.
498 4149 555 4203 vn.
577 4150 621 4203 13.
642 4166 665 4203 2.
706 4188 708 4191 .

258 4267 700 4341 mmmmmam.
