2970 5032
767 293 828 361 104

737 565 850 631 XXII.

312 788 451 858 Sueten.
475 791 550 859 Div.
574 791 635 859 Iul.
660 793 752 859 XX:
776 794 875 860 Unus
898 813 941 860 ex
965 814 1004 861 eo
1028 799 1183 877 tempore
1206 789 1324 860 omnia

266 924 302 988 in
325 941 361 988 re
384 923 520 1006 publica
533 927 568 988 ei
580 924 623 988 ad
638 924 817 990 arbitrium
833 926 1099 1010 administravit,
1112 929 1153 991 ut
1164 917 1337 1017 nonnulii
1356 946 1361 956 ·

267 1057 487 1139 urbanorum,
524 1072 602 1119 oum
626 1055 705 1137 quid
729 1073 789 1138 per
812 1051 924 1122 iocum
947 1057 1099 1123 testandi
1123 1055 1234 1138 gratia
1259 1055 1325 1138 sig-

268 1192 401 1272 narent,
436 1205 504 1253 non
539 1186 684 1252 Caesare
714 1191 749 1253 et
771 1189 893 1254 Bibulo
918 1190 977 1254 sed
1000 1188 1090 1254 Julio
1115 1191 1150 1254 et
1174 1188 1323 1254 Caesare
1345 1284 1348 1289 .

268 1300 464 1388 oonsulibus
487 1326 603 1387 actum
626 1323 892 1399 scriberentibis
905 1323 1050 1388 eundem
1063 1324 1318 1405 praeponentes
1343 1290 1346 1296 ¹

270 1453 406 1518 nomine
430 1458 534 1548 atque
558 1454 785 1533 cognomine).
961 1542 963 1547 .

314 1584 581 1650 Assentiendum
603 1585 727 1670 Lipsi0‚
752 1587 809 1669 qui
831 1588 938 1653 verba
960 1586 1094 1652 uncinis
1117 1585 1249 1650 inclusa
1260 1601 1324 1666 pro

272 1718 472 1786 adulterinis
495 1720 626 1787 habuit.

732 1950 862 2018 XXIII.
928 1970 929 1974 ’

318 2177 352 2242 C.
376 2176 565 2260 Memmius,
590 2181 751 2258 quaestor
774 2195 842 2244 van
866 2177 1049 2260 Pompeius
1072 2178 1107 2242 in
1130 2177 1194 2241 den
1208 2176 1325 2257 ooriog

151 2345 152 2348 =
274 2312 375 2389 tegen
404 2309 575 2375 Sertorius
598 2327 640 2374 en
665 2310 699 2375 O.
726 2309 914 2394 Memmius,
935 2310 1013 2376 trib.
1039 2310 1084 2392 pl.
1109 2309 1145 2372 in
1169 2309 1229 2374 het
1248 2309 1326 2389 jaar

274 2444 317 2507 66
340 2444 406 2526 zijn
429 2438 675 2508 verschiIIende
698 2461 876 2525 personen.

741 2670 870 2737 XXIV.

320 2897 391 2961 Het
413 2900 524 2962 eerste
548 2897 806 2981 driemansehap
830 2899 860 2965 is
883 2892 1047 2983 gesloten
1072 2900 1180 2965 nudat
1203 2899 1328 2966 Caesar

275 3033 330 3095 tot
353 3030 472 3095 consul
498 3047 573 3095 was
596 3031 778 3097 verkozen.

748 3263 862 3329 XXV.

321 3494 391 3561 Ten
420 3497 581 3562 onrechte
606 3496 760 3562 beweert
782 3496 841 3562 Th.
867 3498 1055 3563 Mommsen
1079 3499 1236 3575 (Hermes
1259 3499 1327 3564 XV

280 3643 358 3709 pag.
392 3628 457 3704 99).
483 3627 542 3692 dat
565 3628 694 3711 Porcia,
720 3628 761 3692 de
785 3629 1009 3709 eohtgenoote
1028 3647 1097 3695 van
1120 3630 1163 3696 M.
1187 3631 1327 3716 Brutus,

279 3756 351 3821 niet
385 3757 426 3821 de
460 3736 601 3843 doohter
624 3775 721 3822 maai
745 3758 785 3822 de
809 3763 924 3824 auster
947 3776 1016 3823 van
1039 3759 1081 3824 M.
1113 3759 1196 3825 Cato
1220 3760 1328 3828 zoude

280 3890 431 3968 geweest
454 3888 530 3970 zijn.
