2970 5032
721 380 764 443 65

214 578 390 642 mensibus
414 577 568 658 Tigranis
592 578 766 658 negotium
790 578 1024 644 intercessisse
1048 580 1197 646 cernitur
1224 599 1267 646 ex

215 733 256 781 ea
280 715 435 799 epistola,
460 733 562 796 quam
587 715 701 781 Cicero
726 715 769 780 ad
793 715 949 781 Atticum
973 717 1110 798 scripsit
1133 736 1163 784 a.
1178 717 1266 786 le

215 852 292 917 Kal.
327 852 400 918 Iun.
433 871 463 918 a.
500 853 542 917 58
577 853 837 918 Thessalonicae
872 853 926 931 (ad
959 854 1034 919 Att.
1065 854 1124 920 III.
1156 856 1187 920 8.
1212 857 1265 931 3):

218 990 381 1073 „Tigrane
405 990 495 1054 enim
518 989 673 1070 neglecto
698 989 836 1055 sublata
860 994 942 1055 sunt
964 986 1111 1057 omnia.”
1151 991 1266 1058 Cicero

215 1109 344 1192 scilicet
364 1131 575 1210 speraverat,
599 1127 670 1192 fore
693 1130 733 1191 ut
755 1106 895 1209 propter
917 1099 1012 1194 illam
1025 1130 1266 1196 contumeliam

196 1264 303 1328 inter
327 1261 480 1328 Clodium
504 1267 539 1328 et
563 1262 763 1344 Pompeium
786 1264 965 1330 discidium
977 1269 1139 1332 oreretur.
1171 1266 1266 1348 Quod

112 1462 115 1469 .
214 1419 293 1466 cum
315 1419 384 1494 non
407 1402 456 1466 ita
480 1405 582 1485 esset,
605 1401 706 1483 longe
729 1403 813 1467 haec
836 1420 915 1484 spes
939 1421 1017 1468 eum
1040 1403 1168 1470 fefellit.

258 1538 385 1604 Deinde
417 1504 623 1605 Plutarchus
656 1540 763 1605 tradit
785 1540 938 1605 Clodium
963 1542 1091 1608 amicos
1115 1526 1266 1625 Pompeii

213 1677 249 1741 in
281 1677 334 1742 ius
365 1677 525 1761 traxisse,
549 1678 730 1759 ipsumque
747 1678 908 1743 conviciis
932 1679 1096 1762 obruisse,
1122 1679 1265 1744 eumad

215 1832 354 1881 causam
378 1815 554 1880 dicendam
578 1816 612 1880 in
636 1815 810 1897 publicum
833 1816 993 1897 prodiret.
1040 1817 1135 1881 Haec
1152 1818 1266 1882 omnia

216 1951 259 2016 ad
292 1953 458 2018 amussim
492 1953 700 2017 conveniunt
735 1969 812 2017 eum
835 1953 876 2017 iis
900 1954 1012 2037 rebus,
1037 1971 1122 2034 quas
1146 1954 1187 2018 de
1210 1955 1266 2018 Mi·

179 2120 183 2129 ·
218 2089 303 2157 lonis
340 2089 462 2154 iudicio
498 2087 613 2153 Cicero
646 2092 802 2154 enarrat:
827 2089 898 2170 (Ep.
922 2089 965 2153 ad
990 2089 1026 2171 Q.
1050 2089 1090 2155 fr.
1115 2088 1156 2156 H.
1179 2090 1209 2155 3.
1235 2091 1267 2165 2)

219 2245 268 2312 ,a
298 2227 330 2294 d.
367 2226 432 2292 VH
466 2226 514 2292 Id.
538 2226 635 2291 Febr.
661 2231 703 2303 (a.
729 2228 782 2302 56)
806 2227 883 2292 Milo
908 2227 1038 2310 adfuit;
1063 2229 1150 2293 dixit
1172 2229 1267 2295 Pom·

214 2363 320 2447 peius,
345 2363 419 2429 sive
441 2362 571 2428 voluit:
596 2380 677 2426 nam
700 2366 739 2427 ut
762 2364 922 2446 surrexit,
948 2381 1071 2445 operae
1082 2364 1267 2461 Clodianae

215 2499 398 2566 clamorem
434 2499 667 2582 sustulerunt,
712 2499 812 2579 idque
848 2500 878 2563 ei
912 2504 1078 2582 perpetua
1113 2502 1266 2567 oratione
1300 2581 1306 2589 ,

214 2637 367 2721 contigit,
406 2654 473 2702 non
498 2636 598 2700 modo
622 2639 662 2700 ut
684 2635 1016 2712 adclamationesed
1040 2641 1079 2702 ut
1103 2640 1265 2704 conviciis

215 2778 250 2839 et
283 2774 474 2840 maledictis
507 2773 738 2855 impediretur,
772 2772 829 2853 qui
852 2777 891 2838 ut
914 2774 1128 2855 peroravit..
1144 2826 1172 2841 ..
1198 2794 1267 2841 sur-

213 2912 304 2978 rexit
339 2912 495 2977 Clodius:
529 2913 559 2976 ei
582 2915 702 2977 tantus
726 2911 853 2976 clamor
876 2928 896 2975 a
920 2912 1047 2976 nostris
1076 2948 1107 2956 —
1136 2914 1267 2994 placue-

92 3030 95 3034 ⁴
213 3052 269 3114 rat
303 3049 393 3113 enim
427 3049 551 3114 referre
575 3050 722 3129 gratiam
746 3083 789 3094 -
812 3053 851 3113 ut
874 3066 984 3130 neque
1007 3053 1131 3131 mente,
1156 3068 1266 3131 neque

213 3186 339 3270 lingua,
375 3204 484 3267 neque
519 3204 577 3251 ore
612 3187 824 3252 consisteret.
857 3204 897 3250 ea
920 3203 975 3251 res
999 3190 1076 3251 acta
1100 3191 1163 3270 est,
1188 3206 1265 3252 eum

214 3324 298 3391 hora
321 3328 421 3391 sexta
445 3324 505 3389 vix
528 3322 711 3404 Pompeius
734 3326 939 3405 perorasset,
963 3340 1071 3404 usque
1089 3323 1132 3387 ad
1144 3324 1265 3388 horam

214 3462 304 3545 Vlli,
338 3480 416 3527 cum
455 3460 568 3525 omnia
600 3458 793 3541 maledicta,
818 3476 940 3532 versus
964 3459 1108 3540 denique
1132 3461 1265 3525 obscoe-

214 3599 344 3665 nissimi
367 3599 402 3662 iu
426 3597 580 3663 Clodium
604 3601 639 3661 et
663 3595 814 3661 Clodiam
839 3596 1042 3662 dicerentur.
1068 3596 1124 3662 ille
1148 3597 1265 3662 furens

214 3739 248 3799 et
272 3735 456 3814 exsanguis
479 3734 714 3813 interrogabat
736 3749 817 3797 suos
839 3733 875 3795 in
900 3731 1047 3797 clamore
1070 3732 1163 3815 ipso,
1189 3734 1265 3814 quis

196 3874 315 3954 esset,
337 3871 394 3951 qui
417 3869 551 3951 plebem
573 3869 663 3933 fame
686 3871 834 3949 necaret,
852 3869 1106 3950 respondebant
1121 3886 1264 3951 operae:

213 4007 405 4090 Pompeius.
438 4010 513 4088 quis
545 4005 790 4070 Alexandriam
825 4005 874 4069 ire
909 4009 1058 4088 cuperet,
1087 4006 1265 4087 responde-

211 4145 321 4210 bant:
357 4145 549 4225 Pompeius.
585 4160 686 4223 quem
719 4143 767 4206 ire
798 4141 948 4224 vellent,
984 4143 1262 4223 respondebant:

213 4283 406 4348 Crassum.”
461 4281 577 4344 Unum
611 4280 714 4360 igitur
749 4281 911 4345 interest:
946 4280 1037 4360 uliud
1068 4279 1261 4346 Ciceronem

1110 4395 1129 4454 5
