2970 5032
720 227 762 289 48

215 445 315 493 usum
350 444 436 510 esse,
470 426 571 507 idque
610 443 649 491 eo
673 425 849 508 scriptore,
874 424 970 489 cuius
994 423 1142 504 vestigia
1166 424 1272 490 etiam

214 565 249 626 in
290 563 521 644 superioribus
556 562 656 626 huius
680 562 781 626 Vrtae
806 561 963 642 partibus
986 560 1150 641 indagare
1175 578 1272 626 cona·

214 706 271 765 tus
295 719 372 765 sum
408 706 496 782 (pag.
523 703 552 765 7.
579 701 631 764 22.
656 701 721 774 34).
831 731 835 737 ·

259 975 338 1055 Cap.
374 973 614 1054 XLIV-Cap.
650 972 794 1037 XLVIII
831 971 970 1037 confuse
993 975 1155 1036 narratur
1174 971 1274 1037 Pom-

214 1111 279 1192 peii
302 1111 446 1176 historia
477 1111 555 1175 inde
578 1112 621 1174 ab
647 1111 719 1174 eius
742 1110 853 1174 reditu
877 1110 912 1173 in
935 1108 1071 1173 Italiam
1095 1125 1204 1190 usque
1229 1109 1272 1173 ad

214 1247 353 1313 exilium
377 1247 556 1312 Olceronis.
582 1247 674 1327 Quae
698 1250 800 1311 antea
824 1247 953 1310 Romae
970 1245 1165 1310 acciderant
1180 1262 1274 1310 anno

213 1388 265 1466 62,
306 1386 442 1450 omnino
476 1388 746 1465 praetereuntur.
782 1384 847 1447 HIc
882 1384 987 1448 etiam
1024 1382 1106 1447 Vita
1130 1381 1274 1448 Catonis

213 1522 441 1603 comparanda
465 1525 518 1586 est
541 1522 634 1602 (Cap.
658 1519 971 1602 XXVI—XXIX),
988 1519 1047 1584 ubi
1064 1518 1275 1584 Plutarchus

211 1660 326 1742 tradit,
358 1659 395 1739 Q.
419 1621 593 1723 Metellum
617 1659 786 1739 Nepotem
809 1658 987 1721 tribunum
1010 1649 1098 1738 pleb.
1123 1655 1272 1722 tulisse:

212 1788 390 1861 Πομπήιον
408 1788 547 1860 Μάγνον
565 1787 651 1844 ἰέναι
668 1787 753 1843 κατὰ
772 1786 877 1857 τάχος
893 1786 980 1854 μετὰ
998 1788 1069 1842 τῶν
1090 1784 1276 1855 δυνάμεων

215 1923 263 1993 εἰς
285 1919 441 1979 Ἰταλίαν·
477 1923 569 2002 Quae
603 1940 658 1986 res
693 1940 769 1986 cum
804 1939 864 2002 per
898 1922 969 1985 vim
993 1924 1161 2003 ageretur,
1187 1919 1275 1985 Cato

216 2059 272 2137 qui
296 2059 415 2122 eodem
439 2077 528 2123 anno
552 2058 710 2122 tribunus
734 2058 822 2139 pleb.
845 2062 920 2122 erat
940 2032 1163 2122 vehementer
1175 2056 1275 2122 colle

171 2158 174 2164 ⁵
217 2213 279 2274 gae
314 2195 462 2276 restitit;
497 2196 552 2258 hic
590 2198 717 2277 autem,
750 2195 833 2258 nihil
869 2194 1058 2278 proficiens,
1095 2194 1137 2258 ad
1174 2195 1273 2258 Pom·

217 2335 331 2415 peium
366 2351 403 2398 se
437 2333 591 2398 contulit.
617 2332 657 2398 cf.
684 2332 749 2398 Olc.
775 2350 836 2413 pro
862 2331 972 2396 Sesti0
998 2332 1050 2396 29.
1075 2333 1140 2397 62:
1167 2332 1274 2417 „Con-

217 2475 356 2537 secutus
391 2474 444 2535 est
477 2471 584 2552 Ipsius
616 2469 779 2546 (Catonis)
804 2469 1011 2534 tribunatus,
1036 2469 1116 2550 quid
1140 2487 1202 2550 ego
1229 2471 1273 2536 de

217 2609 380 2690 singulari
414 2607 649 2688 magnitudine
688 2606 791 2670 animi
825 2606 897 2670 eins
932 2624 972 2669 ac
1008 2606 1048 2670 de
1082 2607 1272 2672 incredibili

215 2747 343 2811 virtute
368 2745 504 2809 dicam?
527 2743 731 2807 meministis
757 2742 853 2807 illum
878 2743 977 2825 diem,
998 2743 1272 2825 cumtemploffi)

216 2902 236 2946 a
275 2881 403 2962 collega
438 2884 614 2963 occupato,
643 2879 741 2944 noble
766 2880 924 2944 omnibus
948 2880 988 2944 de
1012 2880 1086 2945 vita
1108 2881 1181 2945 eius
1204 2880 1272 2945 viri

216 3027 250 3084 et
285 3020 369 3084 civis
404 3018 615 3101 timentibus,
655 3018 727 3098 ipse
759 3018 872 3082 animo
897 3017 1091 3083 firmissimo
1115 3018 1211 3082 vemt
1234 3018 1271 3082 in

215 3156 382 3238 templum
405 3160 440 3220 et
464 3155 647 3219 clamorem
671 3154 847 3218 hominum
871 3154 1087 3237 auctorItate,
1101 3154 1270 3236 impetum
1320 3152 1323 3161 '

216 3260 601 3374 improborumvirtute
625 3291 792 3356 sedavit.''

215 3583 305 3628 ionem
324 3575 435 3628 auribus
455 3592 551 3628 manus
569 3576 719 3628 admovisse
737 3592 771 3628 ne
793 3573 912 3643 Pompeii
932 3574 1112 3627 laudationem
1132 3574 1159 3626 in
1175 3573 1266 3626 Planci

216 3689 313 3742 iudicio
331 3689 448 3759 audiret)
466 3690 593 3759 leguntur
611 3695 638 3743 et
656 3706 725 3759 quae
743 3694 921 3759 repetuntur:
941 3689 1005 3742 Calo
1024 3705 1081 3758 cap.
1100 3687 1163 3741 XIII
1172 3694 1199 3741 ct
1208 3704 1267 3758 cap.

216 3801 333 3869 XLVIII,
351 3802 511 3855 documento
529 3809 602 3865 sunt,
612 3801 679 3855 duas
698 3802 772 3855 Vitas
791 3803 847 3855 fere
869 3802 964 3855 codem
984 3808 1105 3872 tempore
1125 3818 1185 3854 esse
1205 3817 1268 3855 con-

216 3916 336 3985 scriptas.
373 3913 413 3967 Dc
439 3913 575 3967 Ciceronis
603 3914 746 3984 Crassique
776 3914 844 3967 Vitis
872 3915 939 3968 nihil
968 3920 1079 3968 constat.
1099 3915 1132 3968 cf.
1152 3914 1177 3968 S.
1198 3915 1265 3968 Lion

216 4027 411 4082 Commentario
438 4027 471 4080 de
498 4027 601 4095 ordine,
628 4043 682 4096 quo
701 4027 863 4080 Plutarchus
882 4027 957 4081 Vitas
975 4028 1121 4098 scripserit.
1141 4043 1198 4097 pag.
1220 4027 1265 4080 l5.

251 4139 288 4210 (g)
309 4134 339 4192 »ὁ
359 4134 430 4200 νεὼς
446 4139 502 4191 τῶν
520 4135 727 4205 Διοσκούρων.”
744 4139 813 4192 Plut.
833 4139 904 4192 Calc.
924 4139 988 4192 min.
1012 4139 1074 4208 Cal).
1094 4137 1203 4191 XXVII.
