2970 5032
721 249 763 312 76

261 449 340 530 bap.
364 447 456 513 LIII
475 412 636 513 narratur
659 448 796 529 privata
823 447 960 513 fortuna
969 447 1139 530 Pompeii:
1153 446 1265 528 qualis

212 591 247 651 in
273 603 351 652 eum
374 585 480 650 Iuliae
503 602 599 650 amor
622 584 734 667 fuerit,
758 585 944 666 quantique
967 585 1010 650 ad
1035 585 1161 651 bellurn
1175 601 1265 650 acce·

207 723 391 790 ierandurn
413 721 606 788 interfuerit
630 739 706 787 eam
730 727 803 788 tam
826 728 1046 805 praematura
1069 727 1266 805 morterap·

213 866 286 927 tam
322 877 406 926 esse.
452 860 502 925 De
535 859 589 924 his
624 861 726 925 rebus
755 859 868 926 Cicero
893 863 1010 942 tacet;
1035 878 1102 926 uno
1126 864 1266 926 tantum

137 965 138 971 ἵ
213 999 286 1064 loco
310 996 416 1061 Iuliae
438 999 585 1061 mortem
608 996 713 1061 verbu
738 996 878 1078 attingit
900 996 936 1061 in
959 997 1107 1078 quadam
1120 997 1267 1078 epistola

214 1135 257 1200 ad
281 1135 317 1216 Q.
342 1135 495 1216 fratrem,
520 1132 576 1214 qui
589 1136 664 1197 tum
676 1133 711 1197 in
725 1131 835 1198 Gallia
852 1133 1006 1200 Caesaris
1019 1134 1153 1216 legatus
1168 1139 1267 1202 erat:

215 1272 285 1353 (Ep.
321 1243 364 1335 ad
399 1271 436 1352 Q.
471 1270 511 1334 ir.
542 1268 600 1336 III.
623 1271 656 1336 8.
681 1271 712 1335 3.
737 1287 799 1335 scr.
824 1271 954 1335 Romae
978 1275 1125 1337 exeunte
1147 1290 1269 1338 mense

215 1407 401 1473 Novembri
438 1391 480 1471 a
506 1407 571 1480 54.)
598 1406 659 1490 „de
692 1406 822 1491 virtute
846 1409 882 1472 et
904 1407 1076 1488 gravitate
1100 1408 1269 1492 caesaris,

216 1561 318 1626 quarn
341 1543 376 1606 in
400 1560 533 1608 summo
558 1542 672 1609 dolore
696 1542 920 1626 adhibuisset,
948 1561 1109 1624 magnam
1133 1562 1176 1610 ex
1202 1545 1270 1626 epi-

215 1681 304 1748 stola
327 1685 388 1746 tua
412 1680 484 1762 cepi
507 1675 754 1762 voluptatem.”

260 1818 364 1883 Plura
388 1816 530 1883 conferri
554 1820 700 1898 possunt
723 1817 766 1881 ad
789 1833 935 1898 sequens
959 1822 1072 1901 caput,
1097 1819 1152 1883 ubi
1167 1836 1270 1902 expo-

217 1955 318 2038 nitur,
354 1954 522 2036 quomodo
558 1971 612 2020 res
635 1954 776 2019 tandem
799 1971 837 2019 eo
862 1953 1007 2019 deducta
1030 1955 1132 2038 situ
1172 1956 1271 2021 Pour-

220 2093 316 2174 peius
340 2091 457 2156 consul
481 2090 554 2155 sine
578 2089 707 2169 collega
730 2095 923 2156 crearetur:
949 2091 1041 2173 (Gap.
1055 2085 1152 2167 LIV)
1175 2096 1272 2176 »ἐπεὶ

220 2231 257 2289 δὲ
275 2231 335 2301 τὰς
353 2226 461 2304 ἀρχὰς
478 2225 520 2286 οὐ
537 2228 624 2284 κατὰ
641 2223 883 2303 γνώμηνὲώρα
897 2231 1158 2304 βραβευομένας,
1171 2234 1271 2289 δεκα-

219 2371 368 2442 ζομένων
394 2371 462 2426 τῶν
486 2371 645 2434 πολιτῶν,
672 2364 837 2443 ἀναρχίαν
862 2365 899 2427 ε’ν
924 2373 964 2443 τῇ
998 2370 1097 2428 πόλει
1122 2375 1272 2445 περιεῖδε

218 2508 410 2583 γενομένην.
427 2511 483 2565 καὶ
492 2507 593 2578 λόγος
602 2503 708 2578 εὐθὺς
720 2503 841 2582 ἐχώρει
850 2510 956 2579 πολὺς
965 2506 1050 2585 ὑπὲρ
1060 2509 1270 2585 δικτάτορος,

219 2649 259 2709 ὃν
283 2653 416 2723 πρῶτος
441 2647 488 2718 εἰς
513 2646 619 2717 μέσον
644 2643 824 2719 ἐξενεγκεῖν
846 2645 1012 2720 ἐτόλμησε
1030 2654 1231 2723 Λουκίλλιος
1250 2649 1270 2710 ὁ

219 2779 393 2852 δήμαρχος
419 2781 467 2850 τῷ
497 2776 593 2849 δήμῳ
617 2741 790 2850 παραινῶν
817 2771 958 2834 ἑλέσθαι
974 2778 1157 2853 δικτάτορα
1175 2783 1268 2848 Πομ-

219 2915 351 2993 πήιον.”
374 2913 531 2978 Infinitae
553 2912 719 2995 licentiae,
744 2916 909 2993 quatum
931 2914 1060 2979 Romae
1084 2933 1269 2982 ornnesres

220 3051 515 3133 perturbarentur,
541 3049 656 3114 Cicero
681 3049 781 3114 testis
805 3053 859 3115 est
880 3049 1170 3135 inilliscpistclis,
1184 3069 1270 3133 quas

219 3207 249 3255 a.
286 3191 328 3255 54
364 3187 575 3268 conscriptas
598 3186 746 3267 reliquas
770 3187 945 3253 habemua
971 3204 998 3252 e.
1024 3205 1055 3268 g.
1079 3189 1139 3271 Ep.
1164 3189 1206 3254 ad
1230 3190 1267 3270 Q.

219 3328 258 3393 fr.
288 3328 329 3392 Π.
357 3328 407 3408 13,
444 3326 464 3388 5
488 3327 563 3400 (scr.
589 3325 717 3388 Rornae
740 3341 858 3389 mense
881 3324 1011 3399 Iuni0):
1039 3327 1126 3408 „Res
1150 3328 1269 3391 Rorna-

219 3483 284 3530 nae
308 3466 356 3531 sic
379 3482 416 3530 se
440 3464 634 3528 habebant:
671 3467 745 3527 erat
766 3463 929 3528 nonnulla
952 3481 1031 3545 spes
1055 3465 1269 3530 comitiorum

220 3603 280 3668 sed
315 3603 454 3684 incerta,
491 3603 565 3665 erat
599 3598 713 3680 aliqua
748 3599 891 3681 suspitio
927 3599 1126 3681 dictaturae,
1162 3620 1269 3666 neca

220 3711 356 3821 &uidem
380 3742 483 3821 certa,
508 3754 682 3802 summurn
705 3736 813 3802 otium
837 3736 971 3803 forense
984 3739 1043 3803 sed
1057 3740 1268 3806 senescentis

220 3877 329 3956 magis
367 3875 517 3940 civitatis
551 3891 654 3955 quarn
675 3873 931 3955 acquiescentis‚
957 3875 1128 3940 sententia
1151 3881 1268 3941 autern

220 4014 340 4076 nostra
364 4011 398 4074 in
420 4016 542 4077 senatu
567 4008 741 4091 eiusmodi,
765 4010 875 4090 magis
905 4015 945 4076 ut
967 4012 1024 4077 alii
1047 4013 1268 4078 nobisaeeen·

219 4149 351 4214 tiantur
372 4166 475 4229 quarn
498 4152 633 4214 uosmet
655 4143 752 4229 ipsi.''
774 4146 986 4215 Ambituillo
1000 4149 1285 4233 etiamtempore
