<?xml version="1.0" encoding="UTF-8"?>
<!DOCTYPE html PUBLIC "-//W3C//DTD XHTML 1.0 Transitional//EN"
    "http://www.w3.org/TR/xhtml1/DTD/xhtml1-transitional.dtd">
<html xmlns="http://www.w3.org/1999/xhtml" xml:lang="en" lang="en">
 <head>
  <title>
</title>
<meta http-equiv="Content-Type" content="text/html;charset=utf-8" />
  <meta name='ocr-system' content='tesseract 3.04.00' />
  <meta name='ocr-capabilities' content='ocr_page ocr_carea ocr_par ocr_line ocrx_word'/>
</head>
<body>
  <div class='ocr_page' id='page_1' title='image "./plutarchivitapo00bruigoog_0056.png"; bbox 0 0 2970 5032; ppageno 0'>
   <div class='ocr_carea' id='block_1_1' title="bbox 737 325 779 387">
    <p class='ocr_par' dir='ltr' id='par_1_1' title="bbox 737 325 779 387">
     <span class='ocr_line' id='line_1_1' title="bbox 737 325 779 387; baseline 0.024 -1"><span class='ocrx_word' id='word_1_1' title='bbox 737 325 779 387; x_wconf 82' lang='lat'>43</span> 
     </span>
    </p>
   </div>
   <div class='ocr_carea' id='block_1_2' title="bbox 102 511 1280 609">
    <p class='ocr_par' dir='ltr' id='par_1_2' title="bbox 102 511 1280 609">
     <span class='ocr_line' id='line_1_2' title="bbox 102 511 1280 609; baseline 0.02 -38"><span class='ocrx_word' id='word_1_2' title='bbox 102 578 111 585; x_wconf 59' lang='grc'><strong>,</strong></span> <span class='ocrx_word' id='word_1_3' title='bbox 188 582 202 596; x_wconf 68' lang='lat'>„</span> <span class='ocrx_word' id='word_1_4' title='bbox 223 511 316 597; x_wconf 86' lang='lat' dir='ltr'>dere,</span> <span class='ocrx_word' id='word_1_5' title='bbox 342 532 430 594; x_wconf 81' lang='lat' dir='ltr'>quae</span> <span class='ocrx_word' id='word_1_6' title='bbox 451 517 556 582; x_wconf 91' lang='lat' dir='ltr'>etiarn</span> <span class='ocrx_word' id='word_1_7' title='bbox 579 519 614 582; x_wconf 92' lang='lat' dir='ltr'>in</span> <span class='ocrx_word' id='word_1_8' title='bbox 631 519 706 585; x_wconf 90' lang='lat' dir='ltr'>aliis</span> <span class='ocrx_word' id='word_1_9' title='bbox 722 520 814 587; x_wconf 84' lang='lat' dir='ltr'>Vitis</span> <span class='ocrx_word' id='word_1_10' title='bbox 826 522 995 604; x_wconf 80' lang='lat' dir='ltr'>leguntur.</span> <span class='ocrx_word' id='word_1_11' title='bbox 1022 525 1280 609; x_wconf 88' lang='lat' dir='ltr'>Comparandae</span> 
     </span>
    </p>
   </div>
   <div class='ocr_carea' id='block_1_3' title="bbox 144 630 1348 3354">
    <p class='ocr_par' dir='ltr' id='par_1_3' title="bbox 219 630 1346 1163">
     <span class='ocr_line' id='line_1_3' title="bbox 222 630 1280 743; baseline 0.019 -31"><span class='ocrx_word' id='word_1_12' title='bbox 222 652 304 714; x_wconf 91' lang='lat' dir='ltr'>sunt</span> <span class='ocrx_word' id='word_1_13' title='bbox 338 650 441 717; x_wconf 84' lang='lat' dir='ltr'>Vitae</span> <span class='ocrx_word' id='word_1_14' title='bbox 476 652 661 738; x_wconf 79' lang='lat' dir='ltr'>Ciceronis,</span> <span class='ocrx_word' id='word_1_15' title='bbox 698 630 868 743; x_wconf 63' lang='lat' dir='ltr'>Caesaris</span> <span class='ocrx_word' id='word_1_16' title='bbox 906 660 1044 727; x_wconf 76' lang='lat' dir='ltr'>CatoniS</span> <span class='ocrx_word' id='word_1_17' title='bbox 1079 664 1217 731; x_wconf 82' lang='lat' dir='ltr'>Minoris</span> <span class='ocrx_word' id='word_1_18' title='bbox 1244 670 1280 732; x_wconf 88' lang='lat' dir='ltr'>et</span> 
     </span>
     <span class='ocr_line' id='line_1_4' title="bbox 221 785 1346 875; baseline 0.017 -25"><span class='ocrx_word' id='word_1_19' title='bbox 221 785 345 853; x_wconf 74' lang='lat' dir='ltr'>crassi.</span> <span class='ocrx_word' id='word_1_20' title='bbox 393 788 489 870; x_wconf 79' lang='lat' dir='ltr'>onoc</span> <span class='ocrx_word' id='word_1_21' title='bbox 523 791 552 856; x_wconf 84' lang='lat' dir='ltr'>si</span> <span class='ocrx_word' id='word_1_22' title='bbox 577 809 595 856; x_wconf 77' lang='lat' dir='ltr'>e</span> <span class='ocrx_word' id='word_1_23' title='bbox 619 795 790 875; x_wconf 70' lang='lat' dir='ltr'>capitibus</span> <span class='ocrx_word' id='word_1_24' title='bbox 815 797 1065 865; x_wconf 74' lang='lat' dir='ltr'>auru-auu</span> <span class='ocrx_word' id='word_1_25' title='bbox 1091 802 1205 867; x_wconf 72' lang='lat' dir='ltr'>omnia</span> <span class='ocrx_word' id='word_1_26' title='bbox 1229 820 1276 868; x_wconf 77' lang='lat' dir='ltr'>se·</span> <span class='ocrx_word' id='word_1_27' title='bbox 1344 786 1346 791; x_wconf 80' lang='grc'>’</span> 
     </span>
     <span class='ocr_line' id='line_1_5' title="bbox 221 921 1275 1021; baseline 0.018 -35"><span class='ocrx_word' id='word_1_28' title='bbox 221 921 417 1010; x_wconf 87' lang='lat' dir='ltr'>cernuntur,</span> <span class='ocrx_word' id='word_1_29' title='bbox 442 945 529 1009; x_wconf 90' lang='lat' dir='ltr'>quae</span> <span class='ocrx_word' id='word_1_30' title='bbox 553 931 721 998; x_wconf 89' lang='lat' dir='ltr'>cumillis</span> <span class='ocrx_word' id='word_1_31' title='bbox 745 933 836 1000; x_wconf 88' lang='lat' dir='ltr'>VitIs</span> <span class='ocrx_word' id='word_1_32' title='bbox 859 941 1067 1021; x_wconf 84' lang='lat' dir='ltr'>congruunt,</span> <span class='ocrx_word' id='word_1_33' title='bbox 1091 943 1167 1004; x_wconf 90' lang='lat' dir='ltr'>turn</span> <span class='ocrx_word' id='word_1_34' title='bbox 1190 940 1275 1006; x_wconf 89' lang='lat' dir='ltr'>haec</span> 
     </span>
     <span class='ocr_line' id='line_1_6' title="bbox 219 1061 535 1163; baseline 0.025 -39"><span class='ocrx_word' id='word_1_35' title='bbox 219 1061 357 1163; x_wconf 83' lang='lat' dir='ltr'>tantum</span> <span class='ocrx_word' id='word_1_36' title='bbox 380 1068 535 1132; x_wconf 77' lang='lat' dir='ltr'>restant:</span> 
     </span>
    </p>

    <p class='ocr_par' dir='ltr' id='par_1_4' title="bbox 266 1200 961 1305">
     <span class='ocr_line' id='line_1_7' title="bbox 266 1200 961 1305; baseline 0.012 -40"><span class='ocrx_word' id='word_1_37' title='bbox 266 1200 346 1284; x_wconf 84' lang='lat' dir='ltr'>Cap.</span> <span class='ocrx_word' id='word_1_38' title='bbox 370 1203 496 1270; x_wconf 88' lang='lat' dir='ltr'>XLV.:</span> <span class='ocrx_word' id='word_1_39' title='bbox 520 1205 702 1288; x_wconf 81' lang='lat' dir='ltr'>descriptio</span> <span class='ocrx_word' id='word_1_40' title='bbox 727 1209 903 1290; x_wconf 87' lang='lat' dir='ltr'>triumphi.</span> <span class='ocrx_word' id='word_1_41' title='bbox 958 1289 961 1305; x_wconf 43' lang='grc' dir='ltr'>Ι</span> 
     </span>
    </p>

    <p class='ocr_par' dir='ltr' id='par_1_5' title="bbox 219 1337 1348 1586">
     <span class='ocr_line' id='line_1_8' title="bbox 266 1337 1274 1429; baseline 0.014 -27"><span class='ocrx_word' id='word_1_42' title='bbox 266 1337 346 1420; x_wconf 87' lang='lat' dir='ltr'>Cap.</span> <span class='ocrx_word' id='word_1_43' title='bbox 369 1339 544 1429; x_wconf 71' lang='lat' dir='ltr'><strong>XLVIII:</strong></span> <span class='ocrx_word' id='word_1_44' title='bbox 573 1342 736 1423; x_wconf 83' lang='lat' dir='ltr'>Tigranes</span> <span class='ocrx_word' id='word_1_45' title='bbox 760 1344 912 1427; x_wconf 89' lang='lat' dir='ltr'>Pompeii</span> <span class='ocrx_word' id='word_1_46' title='bbox 936 1347 1094 1429; x_wconf 83' lang='lat' dir='ltr'>captivus</span> <span class='ocrx_word' id='word_1_47' title='bbox 1117 1367 1138 1414; x_wconf 90' lang='lat' dir='ltr'>a</span> <span class='ocrx_word' id='word_1_48' title='bbox 1159 1349 1274 1416; x_wconf 87' lang='lat' dir='ltr'>Clodio</span> 
     </span>
     <span class='ocr_line' id='line_1_9' title="bbox 219 1473 1348 1586; baseline 0.014 -49"><span class='ocrx_word' id='word_1_49' title='bbox 219 1473 397 1542; x_wconf 81' lang='lat' dir='ltr'>abductus.</span> <span class='ocrx_word' id='word_1_50' title='bbox 445 1476 550 1542; x_wconf 82' lang='lat' dir='ltr'>Clodii</span> <span class='ocrx_word' id='word_1_51' title='bbox 575 1480 728 1545; x_wconf 87' lang='lat' dir='ltr'>convicia</span> <span class='ocrx_word' id='word_1_52' title='bbox 751 1481 785 1544; x_wconf 93' lang='lat' dir='ltr'>in</span> <span class='ocrx_word' id='word_1_53' title='bbox 809 1483 1019 1564; x_wconf 90' lang='lat' dir='ltr'>Pompeium.</span> <span class='ocrx_word' id='word_1_54' title='bbox 1346 1581 1348 1586; x_wconf 67' lang='lat'>,</span> 
     </span>
    </p>

    <p class='ocr_par' dir='ltr' id='par_1_6' title="bbox 144 1610 1274 2233">
     <span class='ocr_line' id='line_1_10' title="bbox 263 1610 1274 1700; baseline 0.012 -25"><span class='ocrx_word' id='word_1_55' title='bbox 263 1610 344 1693; x_wconf 83' lang='lat' dir='ltr'>Cap.</span> <span class='ocrx_word' id='word_1_56' title='bbox 368 1612 516 1680; x_wconf 65' lang='lat' dir='ltr'><strong>XLIX:</strong></span> <span class='ocrx_word' id='word_1_57' title='bbox 548 1615 731 1698; x_wconf 90' lang='lat' dir='ltr'>Pompeius</span> <span class='ocrx_word' id='word_1_58' title='bbox 754 1636 775 1682; x_wconf 91' lang='lat' dir='ltr'>a</span> <span class='ocrx_word' id='word_1_59' title='bbox 799 1616 914 1684; x_wconf 82' lang='lat' dir='ltr'>Clodio</span> <span class='ocrx_word' id='word_1_60' title='bbox 939 1621 1068 1700; x_wconf 85' lang='lat' dir='ltr'>petitus</span> <span class='ocrx_word' id='word_1_61' title='bbox 1093 1621 1182 1686; x_wconf 87' lang='lat' dir='ltr'>domi</span> <span class='ocrx_word' id='word_1_62' title='bbox 1208 1641 1274 1687; x_wconf 90' lang='lat' dir='ltr'>ma-</span> 
     </span>
     <span class='ocr_line' id='line_1_11' title="bbox 219 1748 1274 1837; baseline 0.009 -26"><span class='ocrx_word' id='word_1_63' title='bbox 219 1752 287 1813; x_wconf 88' lang='lat' dir='ltr'>net.</span> <span class='ocrx_word' id='word_1_64' title='bbox 334 1748 423 1814; x_wconf 85' lang='lat' dir='ltr'>Cura</span> <span class='ocrx_word' id='word_1_65' title='bbox 457 1768 614 1817; x_wconf 90' lang='lat' dir='ltr'>annonae</span> <span class='ocrx_word' id='word_1_66' title='bbox 649 1752 810 1835; x_wconf 88' lang='lat' dir='ltr'>Pompeio</span> <span class='ocrx_word' id='word_1_67' title='bbox 843 1755 1036 1822; x_wconf 89' lang='lat' dir='ltr'>mandatur.</span> <span class='ocrx_word' id='word_1_68' title='bbox 1084 1757 1209 1837; x_wconf 78' lang='lat' dir='ltr'>Agitur</span> <span class='ocrx_word' id='word_1_69' title='bbox 1233 1759 1274 1822; x_wconf 74' lang='lat' dir='ltr'>(le</span> 
     </span>
     <span class='ocr_line' id='line_1_12' title="bbox 219 1884 921 1971; baseline 0.016 -24"><span class='ocrx_word' id='word_1_70' title='bbox 219 1884 414 1953; x_wconf 79' lang='lat' dir='ltr'>Ptolemaeo</span> <span class='ocrx_word' id='word_1_71' title='bbox 438 1887 473 1952; x_wconf 94' lang='lat' dir='ltr'>in</span> <span class='ocrx_word' id='word_1_72' title='bbox 496 1888 696 1971; x_wconf 82' lang='lat' dir='ltr'>Aegyptum</span> <span class='ocrx_word' id='word_1_73' title='bbox 720 1889 921 1958; x_wconf 79' lang='lat' dir='ltr'>reducendo</span> 
     </span>
     <span class='ocr_line' id='line_1_13' title="bbox 144 2022 1272 2107; baseline 0.012 -20"><span class='ocrx_word' id='word_1_74' title='bbox 144 2064 146 2068; x_wconf 26' lang='grc' dir='ltr'><em>ν</em></span> <span class='ocrx_word' id='word_1_75' title='bbox 262 2022 341 2105; x_wconf 81' lang='lat' dir='ltr'>Cap.</span> <span class='ocrx_word' id='word_1_76' title='bbox 377 2023 434 2090; x_wconf 89' lang='lat' dir='ltr'>L.:</span> <span class='ocrx_word' id='word_1_77' title='bbox 458 2025 610 2107; x_wconf 89' lang='lat' dir='ltr'>Pompeii</span> <span class='ocrx_word' id='word_1_78' title='bbox 634 2026 780 2093; x_wconf 83' lang='lat' dir='ltr'>dIctum:</span> <span class='ocrx_word' id='word_1_79' title='bbox 816 2033 935 2095; x_wconf 67' lang='grc' dir='ltr'><strong><em>»πλεῖν</em></strong></span> <span class='ocrx_word' id='word_1_80' title='bbox 961 2025 1098 2100; x_wconf 65' lang='grc' dir='ltr'><em>ἀνάγκη,</em></span> <span class='ocrx_word' id='word_1_81' title='bbox 1126 2033 1184 2101; x_wconf 74' lang='grc' dir='ltr'>ζῆν</span> <span class='ocrx_word' id='word_1_82' title='bbox 1209 2026 1272 2086; x_wconf 74' lang='grc' dir='ltr'>οὐκ</span> 
     </span>
     <span class='ocr_line' id='line_1_14' title="bbox 217 2156 378 2233; baseline 0.019 -17"><span class='ocrx_word' id='word_1_83' title='bbox 217 2156 378 2233; x_wconf 54' lang='grc' dir='ltr'>ἀνάγνωθ’</span> 
     </span>
    </p>

    <p class='ocr_par' dir='ltr' id='par_1_7' title="bbox 262 2295 806 2379">
     <span class='ocr_line' id='line_1_15' title="bbox 262 2295 806 2379; baseline 0.011 -19"><span class='ocrx_word' id='word_1_84' title='bbox 262 2295 342 2379; x_wconf 86' lang='lat' dir='ltr'>Cap.</span> <span class='ocrx_word' id='word_1_85' title='bbox 366 2299 438 2365; x_wconf 91' lang='lat' dir='ltr'><strong>LI.:</strong></span> <span class='ocrx_word' id='word_1_86' title='bbox 463 2300 602 2364; x_wconf 87' lang='lat' dir='ltr'>Theatri</span> <span class='ocrx_word' id='word_1_87' title='bbox 629 2300 806 2366; x_wconf 74' lang='lat' dir='ltr'>dedicatio,</span> 
     </span>
    </p>

    <p class='ocr_par' dir='ltr' id='par_1_8' title="bbox 214 2433 1272 2656">
     <span class='ocr_line' id='line_1_16' title="bbox 261 2433 1272 2535; baseline 0.007 -38"><span class='ocrx_word' id='word_1_88' title='bbox 261 2433 341 2516; x_wconf 88' lang='lat' dir='ltr'>Cap.</span> <span class='ocrx_word' id='word_1_89' title='bbox 366 2435 451 2501; x_wconf 90' lang='lat' dir='ltr'><strong>LIII.</strong></span> <span class='ocrx_word' id='word_1_90' title='bbox 467 2456 474 2501; x_wconf 92' lang='lat'><strong>:</strong></span> <span class='ocrx_word' id='word_1_91' title='bbox 490 2496 492 2500; x_wconf 87' lang='lat'>.</span> <span class='ocrx_word' id='word_1_92' title='bbox 508 2437 763 2508; x_wconf 75' lang='lat' dir='ltr'>narratiuncula</span> <span class='ocrx_word' id='word_1_93' title='bbox 788 2438 829 2535; x_wconf 84' lang='lat' dir='ltr'>de</span> <span class='ocrx_word' id='word_1_94' title='bbox 854 2438 1006 2520; x_wconf 90' lang='lat' dir='ltr'>Pompeii</span> <span class='ocrx_word' id='word_1_95' title='bbox 1029 2444 1128 2503; x_wconf 87' lang='lat' dir='ltr'>veste</span> <span class='ocrx_word' id='word_1_96' title='bbox 1153 2457 1272 2504; x_wconf 85' lang='lat' dir='ltr'>cruore</span> 
     </span>
     <span class='ocr_line' id='line_1_17' title="bbox 214 2573 1063 2656; baseline 0.007 -23"><span class='ocrx_word' id='word_1_97' title='bbox 214 2587 389 2656; x_wconf 84' lang='lat' dir='ltr'>respersa,</span> <span class='ocrx_word' id='word_1_98' title='bbox 414 2590 501 2653; x_wconf 88' lang='lat' dir='ltr'>quae</span> <span class='ocrx_word' id='word_1_99' title='bbox 525 2573 635 2638; x_wconf 79' lang='lat' dir='ltr'>Iuliae</span> <span class='ocrx_word' id='word_1_100' title='bbox 657 2591 761 2638; x_wconf 90' lang='lat' dir='ltr'>causa</span> <span class='ocrx_word' id='word_1_101' title='bbox 785 2575 927 2639; x_wconf 88' lang='lat' dir='ltr'>abortus</span> <span class='ocrx_word' id='word_1_102' title='bbox 951 2575 1063 2641; x_wconf 78' lang='lat' dir='ltr'>fuerit.</span> 
     </span>
    </p>

    <p class='ocr_par' dir='ltr' id='par_1_9' title="bbox 152 2706 1270 3354">
     <span class='ocr_line' id='line_1_18' title="bbox 261 2706 1270 2793; baseline 0.005 -23"><span class='ocrx_word' id='word_1_103' title='bbox 261 2706 340 2790; x_wconf 82' lang='lat' dir='ltr'>Cap.</span> <span class='ocrx_word' id='word_1_104' title='bbox 364 2708 456 2779; x_wconf 81' lang='lat' dir='ltr'>Lu:</span> <span class='ocrx_word' id='word_1_105' title='bbox 492 2708 646 2774; x_wconf 90' lang='lat' dir='ltr'>Cornelia</span> <span class='ocrx_word' id='word_1_106' title='bbox 681 2710 833 2792; x_wconf 88' lang='lat' dir='ltr'>Pompeii</span> <span class='ocrx_word' id='word_1_107' title='bbox 859 2728 956 2774; x_wconf 81' lang='lat' dir='ltr'>uxor.</span> <span class='ocrx_word' id='word_1_108' title='bbox 996 2710 1124 2775; x_wconf 84' lang='lat' dir='ltr'>IudIcia</span> <span class='ocrx_word' id='word_1_109' title='bbox 1148 2711 1270 2793; x_wconf 81' lang='lat' dir='ltr'>Scipio-</span> 
     </span>
     <span class='ocr_line' id='line_1_19' title="bbox 216 2844 515 2928; baseline 0.013 -21"><span class='ocrx_word' id='word_1_110' title='bbox 216 2844 269 2910; x_wconf 93' lang='lat' dir='ltr'>nis</span> <span class='ocrx_word' id='word_1_111' title='bbox 292 2849 328 2910; x_wconf 85' lang='lat' dir='ltr'>e&#39;t</span> <span class='ocrx_word' id='word_1_112' title='bbox 350 2844 515 2928; x_wconf 73' lang='lat' dir='ltr'>Hypsaei,</span> 
     </span>
     <span class='ocr_line' id='line_1_20' title="bbox 210 2953 1268 3064; baseline 0.004 -19"><span class='ocrx_word' id='word_1_113' title='bbox 210 2953 214 2960; x_wconf 30' lang='lat'><strong>³</strong></span> <span class='ocrx_word' id='word_1_114' title='bbox 260 2980 340 3062; x_wconf 84' lang='lat' dir='ltr'>Cap.</span> <span class='ocrx_word' id='word_1_115' title='bbox 375 2981 485 3048; x_wconf 77' lang='lat' dir='ltr'><strong>LVI:</strong></span> <span class='ocrx_word' id='word_1_116' title='bbox 532 2984 684 3064; x_wconf 90' lang='lat' dir='ltr'>Pompeii</span> <span class='ocrx_word' id='word_1_117' title='bbox 718 2985 846 3049; x_wconf 86' lang='lat' dir='ltr'>dictum</span> <span class='ocrx_word' id='word_1_118' title='bbox 877 3001 914 3049; x_wconf 89' lang='lat' dir='ltr'>se</span> <span class='ocrx_word' id='word_1_119' title='bbox 949 2985 1075 3048; x_wconf 84' lang='lat' dir='ltr'>habere</span> <span class='ocrx_word' id='word_1_120' title='bbox 1112 2983 1268 3049; x_wconf 85' lang='lat' dir='ltr'>Caesaris</span> 
     </span>
     <span class='ocr_line' id='line_1_21' title="bbox 152 3115 1269 3206; baseline 0.003 -25"><span class='ocrx_word' id='word_1_121' title='bbox 152 3201 155 3206; x_wconf 21' lang='grc' dir='ltr'>Ι</span> <span class='ocrx_word' id='word_1_122' title='bbox 214 3118 413 3203; x_wconf 88' lang='lat' dir='ltr'>epistolam,</span> <span class='ocrx_word' id='word_1_123' title='bbox 460 3138 528 3201; x_wconf 85' lang='lat' dir='ltr'>qua</span> <span class='ocrx_word' id='word_1_124' title='bbox 561 3121 616 3184; x_wconf 90' lang='lat' dir='ltr'>hic</span> <span class='ocrx_word' id='word_1_125' title='bbox 650 3115 854 3203; x_wconf 83' lang='lat' dir='ltr'>affirmaret,</span> <span class='ocrx_word' id='word_1_126' title='bbox 888 3139 925 3186; x_wconf 94' lang='lat' dir='ltr'>se</span> <span class='ocrx_word' id='word_1_127' title='bbox 950 3138 1182 3186; x_wconf 89' lang='lat' dir='ltr'>successorem</span> <span class='ocrx_word' id='word_1_128' title='bbox 1205 3121 1269 3187; x_wconf 86' lang='lat' dir='ltr'>sibi</span> 
     </span>
     <span class='ocr_line' id='line_1_22' title="bbox 214 3255 869 3354; baseline 0.008 -36"><span class='ocrx_word' id='word_1_129' title='bbox 214 3255 305 3320; x_wconf 85' lang='lat' dir='ltr'>mitti</span> <span class='ocrx_word' id='word_1_130' title='bbox 326 3256 414 3321; x_wconf 88' lang='lat' dir='ltr'>velle</span> <span class='ocrx_word' id='word_1_131' title='bbox 438 3261 474 3321; x_wconf 90' lang='lat' dir='ltr'>et</span> <span class='ocrx_word' id='word_1_132' title='bbox 496 3257 676 3339; x_wconf 88' lang='lat' dir='ltr'>imperium</span> <span class='ocrx_word' id='word_1_133' title='bbox 702 3258 869 3354; x_wconf 83' lang='lat' dir='ltr'>abdicare.</span> 
     </span>
    </p>
   </div>
   <div class='ocr_carea' id='block_1_4' title="bbox 139 3392 1189 3475">
    <p class='ocr_par' dir='ltr' id='par_1_10' title="bbox 139 3392 1189 3475">
     <span class='ocr_line' id='line_1_23' title="bbox 139 3392 1189 3475; baseline 0.004 -20"><span class='ocrx_word' id='word_1_134' title='bbox 139 3425 144 3431; x_wconf 37' lang='grc' dir='ltr'><em>ν</em></span> <span class='ocrx_word' id='word_1_135' title='bbox 260 3392 339 3474; x_wconf 88' lang='lat' dir='ltr'>Cap.</span> <span class='ocrx_word' id='word_1_136' title='bbox 363 3392 488 3458; x_wconf 89' lang='lat' dir='ltr'><strong>LVH.:</strong></span> <span class='ocrx_word' id='word_1_137' title='bbox 520 3393 703 3474; x_wconf 80' lang='lat' dir='ltr'>PompeIus</span> <span class='ocrx_word' id='word_1_138' title='bbox 725 3394 868 3475; x_wconf 89' lang='lat' dir='ltr'>Neapoli</span> <span class='ocrx_word' id='word_1_139' title='bbox 889 3396 1008 3459; x_wconf 86' lang='lat' dir='ltr'>morbo</span> <span class='ocrx_word' id='word_1_140' title='bbox 1033 3393 1189 3459; x_wconf 86' lang='lat' dir='ltr'>afflictus.</span> 
     </span>
    </p>
   </div>
   <div class='ocr_carea' id='block_1_5' title="bbox 212 3529 1269 4159">
    <p class='ocr_par' dir='ltr' id='par_1_11' title="bbox 212 3529 1269 4159">
     <span class='ocr_line' id='line_1_24' title="bbox 258 3529 1269 3614; baseline 0 -21"><span class='ocrx_word' id='word_1_141' title='bbox 258 3531 345 3610; x_wconf 83' lang='lat' dir='ltr'>Ergo</span> <span class='ocrx_word' id='word_1_142' title='bbox 381 3531 495 3596; x_wconf 85' lang='lat' dir='ltr'>omma</span> <span class='ocrx_word' id='word_1_143' title='bbox 527 3531 612 3614; x_wconf 85' lang='lat' dir='ltr'>iere,</span> <span class='ocrx_word' id='word_1_144' title='bbox 649 3548 736 3612; x_wconf 89' lang='lat' dir='ltr'>quae</span> <span class='ocrx_word' id='word_1_145' title='bbox 769 3549 836 3596; x_wconf 94' lang='lat' dir='ltr'>non</span> <span class='ocrx_word' id='word_1_146' title='bbox 867 3530 911 3595; x_wconf 88' lang='lat' dir='ltr'>ad</span> <span class='ocrx_word' id='word_1_147' title='bbox 935 3530 1134 3611; x_wconf 74' lang='lat' dir='ltr'>pompelum</span> <span class='ocrx_word' id='word_1_148' title='bbox 1158 3529 1269 3594; x_wconf 86' lang='lat' dir='ltr'>solum</span> 
     </span>
     <span class='ocr_line' id='line_1_25' title="bbox 213 3665 1268 3747; baseline -0.002 -17"><span class='ocrx_word' id='word_1_149' title='bbox 213 3666 273 3730; x_wconf 89' lang='lat' dir='ltr'>sed</span> <span class='ocrx_word' id='word_1_150' title='bbox 308 3667 351 3731; x_wconf 86' lang='lat' dir='ltr'>ad</span> <span class='ocrx_word' id='word_1_151' title='bbox 382 3666 580 3732; x_wconf 87' lang='lat' dir='ltr'>universam</span> <span class='ocrx_word' id='word_1_152' title='bbox 616 3668 737 3733; x_wconf 90' lang='lat' dir='ltr'>horum</span> <span class='ocrx_word' id='word_1_153' title='bbox 767 3684 934 3732; x_wconf 90' lang='lat' dir='ltr'>annorum</span> <span class='ocrx_word' id='word_1_154' title='bbox 967 3665 1146 3732; x_wconf 87' lang='lat' dir='ltr'>historiam</span> <span class='ocrx_word' id='word_1_155' title='bbox 1170 3665 1268 3747; x_wconf 87' lang='lat' dir='ltr'>perti-</span> 
     </span>
     <span class='ocr_line' id='line_1_26' title="bbox 213 3802 1267 3887; baseline -0.002 -20"><span class='ocrx_word' id='word_1_156' title='bbox 213 3809 317 3887; x_wconf 86' lang='lat' dir='ltr'>nent,</span> <span class='ocrx_word' id='word_1_157' title='bbox 358 3804 462 3869; x_wconf 87' lang='lat' dir='ltr'>etiam</span> <span class='ocrx_word' id='word_1_158' title='bbox 501 3804 580 3869; x_wconf 87' lang='lat' dir='ltr'>alibi</span> <span class='ocrx_word' id='word_1_159' title='bbox 615 3805 846 3869; x_wconf 86' lang='lat' dir='ltr'>inveniuntur.</span> <span class='ocrx_word' id='word_1_160' title='bbox 905 3802 1096 3868; x_wconf 87' lang='lat' dir='ltr'>Nonnullae</span> <span class='ocrx_word' id='word_1_161' title='bbox 1131 3802 1267 3867; x_wconf 91' lang='lat' dir='ltr'>illarum</span> 
     </span>
     <span class='ocr_line' id='line_1_27' title="bbox 212 3938 1268 4024; baseline -0.003 -19"><span class='ocrx_word' id='word_1_162' title='bbox 212 3959 327 4006; x_wconf 89' lang='lat' dir='ltr'>rerum</span> <span class='ocrx_word' id='word_1_163' title='bbox 362 3959 467 4024; x_wconf 86' lang='lat' dir='ltr'>prope</span> <span class='ocrx_word' id='word_1_164' title='bbox 494 3942 602 4007; x_wconf 89' lang='lat' dir='ltr'>isdem</span> <span class='ocrx_word' id='word_1_165' title='bbox 630 3943 806 4008; x_wconf 90' lang='lat' dir='ltr'>vocabulis</span> <span class='ocrx_word' id='word_1_166' title='bbox 829 3944 1014 4006; x_wconf 83' lang='lat' dir='ltr'>narrantur</span> <span class='ocrx_word' id='word_1_167' title='bbox 1038 3941 1072 4004; x_wconf 93' lang='lat' dir='ltr'>in</span> <span class='ocrx_word' id='word_1_168' title='bbox 1096 3940 1186 4005; x_wconf 85' lang='lat' dir='ltr'>Vitis</span> <span class='ocrx_word' id='word_1_169' title='bbox 1211 3938 1268 4003; x_wconf 83' lang='lat' dir='ltr'>Ca·</span> 
     </span>
     <span class='ocr_line' id='line_1_28' title="bbox 212 4078 823 4159; baseline 0.003 -17"><span class='ocrx_word' id='word_1_170' title='bbox 212 4079 304 4142; x_wconf 82' lang='lat' dir='ltr'>touls</span> <span class='ocrx_word' id='word_1_171' title='bbox 326 4078 465 4144; x_wconf 91' lang='lat' dir='ltr'>Minoris</span> <span class='ocrx_word' id='word_1_172' title='bbox 489 4082 524 4143; x_wconf 89' lang='lat' dir='ltr'>et</span> <span class='ocrx_word' id='word_1_173' title='bbox 547 4078 712 4144; x_wconf 83' lang='lat' dir='ltr'>Caesaris.</span> <span class='ocrx_word' id='word_1_174' title='bbox 738 4096 766 4144; x_wconf 92' lang='lat' dir='ltr'>e.</span> <span class='ocrx_word' id='word_1_175' title='bbox 792 4096 823 4159; x_wconf 82' lang='lat' dir='ltr'>g.</span> 
     </span>
    </p>
   </div>
   <div class='ocr_carea' id='block_1_6' title="bbox 0 0 1490 5032">
    <p class='ocr_par' dir='ltr' id='par_1_12' title="bbox 0 0 1490 5032">
     <span class='ocr_line' id='line_1_29' title="bbox 0 0 1490 5032; baseline 0 2"><span class='ocrx_word' id='word_1_176' title='bbox 0 0 1490 5032; x_wconf 95' lang='lat' dir='ltr'> </span> 
     </span>
    </p>
   </div>
  </div>
 </body>
</html>
