<?xml version="1.0" encoding="UTF-8"?>
<!DOCTYPE html PUBLIC "-//W3C//DTD XHTML 1.0 Transitional//EN"
    "http://www.w3.org/TR/xhtml1/DTD/xhtml1-transitional.dtd">
<html xmlns="http://www.w3.org/1999/xhtml" xml:lang="en" lang="en">
 <head>
  <title>
</title>
<meta http-equiv="Content-Type" content="text/html;charset=utf-8" />
  <meta name='ocr-system' content='tesseract 3.04.00' />
  <meta name='ocr-capabilities' content='ocr_page ocr_carea ocr_par ocr_line ocrx_word'/>
</head>
<body>
  <div class='ocr_page' id='page_1' title='image "./plutarchivitapo00bruigoog_0055.png"; bbox 0 0 2970 5032; ppageno 0'>
   <div class='ocr_carea' id='block_1_1' title="bbox 352 789 1423 3325">
    <p class='ocr_par' dir='ltr' id='par_1_1' title="bbox 352 789 1412 1694">
     <span class='ocr_line' id='line_1_1' title="bbox 400 789 1410 879; baseline -0.003 -21"><span class='ocrx_word' id='word_1_1' title='bbox 400 793 535 879; x_wconf 81' lang='lat' dir='ltr'>„Gloria</span> <span class='ocrx_word' id='word_1_2' title='bbox 569 794 826 858; x_wconf 76' lang='lat' dir='ltr'>circumfluens’</span> <span class='ocrx_word' id='word_1_3' title='bbox 863 791 1045 872; x_wconf 89' lang='lat' dir='ltr'>Pompeius</span> <span class='ocrx_word' id='word_1_4' title='bbox 1077 791 1111 853; x_wconf 92' lang='lat' dir='ltr'>in</span> <span class='ocrx_word' id='word_1_5' title='bbox 1135 789 1275 853; x_wconf 88' lang='lat' dir='ltr'>ltaliam·</span> <span class='ocrx_word' id='word_1_6' title='bbox 1295 789 1410 856; x_wconf 87' lang='lat' dir='ltr'>rediit.</span> 
     </span>
     <span class='ocr_line' id='line_1_2' title="bbox 353 927 1410 1011; baseline -0.003 -16"><span class='ocrx_word' id='word_1_7' title='bbox 353 932 506 1011; x_wconf 68' lang='lat' dir='ltr'>Quantas</span> <span class='ocrx_word' id='word_1_8' title='bbox 540 930 658 995; x_wconf 86' lang='lat' dir='ltr'>laudes</span> <span class='ocrx_word' id='word_1_9' title='bbox 693 931 832 995; x_wconf 87' lang='lat' dir='ltr'>bellicas</span> <span class='ocrx_word' id='word_1_10' title='bbox 864 929 1010 1011; x_wconf 84' lang='lat' dir='ltr'>adeptus</span> <span class='ocrx_word' id='word_1_11' title='bbox 1033 929 1094 1011; x_wconf 88' lang='lat' dir='ltr'>sit,</span> <span class='ocrx_word' id='word_1_12' title='bbox 1119 929 1255 1010; x_wconf 84' lang='lat' dir='ltr'>saepius</span> <span class='ocrx_word' id='word_1_13' title='bbox 1279 927 1410 1009; x_wconf 87' lang='lat' dir='ltr'>praedi·</span> 
     </span>
     <span class='ocr_line' id='line_1_3' title="bbox 353 1064 1412 1151; baseline -0.002 -21"><span class='ocrx_word' id='word_1_14' title='bbox 353 1072 468 1148; x_wconf 82' lang='lat' dir='ltr'>catur3</span> <span class='ocrx_word' id='word_1_15' title='bbox 505 1067 620 1132; x_wconf 85' lang='lat' dir='ltr'>Cicero</span> <span class='ocrx_word' id='word_1_16' title='bbox 644 1067 816 1131; x_wconf 76' lang='lat' dir='ltr'>exclamat</span> <span class='ocrx_word' id='word_1_17' title='bbox 842 1067 934 1151; x_wconf 84' lang='lat' dir='ltr'>„eius</span> <span class='ocrx_word' id='word_1_18' title='bbox 957 1083 1012 1131; x_wconf 88' lang='lat' dir='ltr'>res</span> <span class='ocrx_word' id='word_1_19' title='bbox 1036 1069 1153 1145; x_wconf 83' lang='lat' dir='ltr'>gestas</span> <span class='ocrx_word' id='word_1_20' title='bbox 1176 1069 1280 1146; x_wconf 88' lang='lat' dir='ltr'>atque</span> <span class='ocrx_word' id='word_1_21' title='bbox 1303 1064 1412 1129; x_wconf 86' lang='lat' dir='ltr'>virtu·</span> 
     </span>
     <span class='ocr_line' id='line_1_4' title="bbox 352 1202 1411 1295; baseline 0.001 -27"><span class='ocrx_word' id='word_1_22' title='bbox 352 1208 406 1268; x_wconf 87' lang='lat' dir='ltr'>tes</span> <span class='ocrx_word' id='word_1_23' title='bbox 439 1204 548 1270; x_wconf 83' lang='lat' dir='ltr'>isdem</span> <span class='ocrx_word' id='word_1_24' title='bbox 578 1205 701 1284; x_wconf 89' lang='lat' dir='ltr'>quibus</span> <span class='ocrx_word' id='word_1_25' title='bbox 724 1204 806 1268; x_wconf 87' lang='lat' dir='ltr'>solis</span> <span class='ocrx_word' id='word_1_26' title='bbox 829 1221 949 1268; x_wconf 87' lang='lat' dir='ltr'>cursus</span> <span class='ocrx_word' id='word_1_27' title='bbox 971 1203 1166 1283; x_wconf 77' lang='lat' dir='ltr'>regionibus</span> <span class='ocrx_word' id='word_1_28' title='bbox 1189 1220 1229 1266; x_wconf 86' lang='lat' dir='ltr'>ac</span> <span class='ocrx_word' id='word_1_29' title='bbox 1251 1202 1411 1295; x_wconf 88' lang='lat' dir='ltr'>terminis</span> 
     </span>
     <span class='ocr_line' id='line_1_5' title="bbox 353 1338 1409 1424; baseline 0 -20"><span class='ocrx_word' id='word_1_30' title='bbox 353 1338 538 1406; x_wconf 84' lang='lat' dir='ltr'>contineri&#39;&#39;</span> <span class='ocrx_word' id='word_1_31' title='bbox 568 1345 630 1423; x_wconf 65' lang='lat' dir='ltr'>(th</span> <span class='ocrx_word' id='word_1_32' title='bbox 670 1359 766 1424; x_wconf 83' lang='lat' dir='ltr'>„eum</span> <span class='ocrx_word' id='word_1_33' title='bbox 801 1344 855 1405; x_wconf 87' lang='lat' dir='ltr'>tot</span> <span class='ocrx_word' id='word_1_34' title='bbox 893 1341 1019 1405; x_wconf 88' lang='lat' dir='ltr'>habere</span> <span class='ocrx_word' id='word_1_35' title='bbox 1053 1340 1265 1422; x_wconf 84' lang='lat' dir='ltr'>triumphos,</span> <span class='ocrx_word' id='word_1_36' title='bbox 1302 1357 1409 1421; x_wconf 88' lang='lat' dir='ltr'>quam</span> 
     </span>
     <span class='ocr_line' id='line_1_6' title="bbox 353 1476 1410 1560; baseline 0.001 -18"><span class='ocrx_word' id='word_1_37' title='bbox 353 1495 433 1543; x_wconf 89' lang='lat' dir='ltr'>orae</span> <span class='ocrx_word' id='word_1_38' title='bbox 467 1482 549 1542; x_wconf 89' lang='lat' dir='ltr'>sunt</span> <span class='ocrx_word' id='word_1_39' title='bbox 572 1483 755 1559; x_wconf 88' lang='lat' dir='ltr'>partesque</span> <span class='ocrx_word' id='word_1_40' title='bbox 778 1482 963 1559; x_wconf 87' lang='lat' dir='ltr'>terrarum,</span> <span class='ocrx_word' id='word_1_41' title='bbox 987 1480 1041 1542; x_wconf 93' lang='lat' dir='ltr'>tot</span> <span class='ocrx_word' id='word_1_42' title='bbox 1065 1477 1226 1542; x_wconf 86' lang='lat' dir='ltr'>victorias</span> <span class='ocrx_word' id='word_1_43' title='bbox 1250 1476 1410 1560; x_wconf 74' lang='lat' dir='ltr'>bellicam,</span> 
     </span>
     <span class='ocr_line' id='line_1_7' title="bbox 353 1614 1315 1694; baseline 0.002 -16"><span class='ocrx_word' id='word_1_44' title='bbox 353 1618 436 1694; x_wconf 87' lang='lat' dir='ltr'>quot</span> <span class='ocrx_word' id='word_1_45' title='bbox 459 1615 597 1679; x_wconf 89' lang='lat' dir='ltr'>suntin</span> <span class='ocrx_word' id='word_1_46' title='bbox 620 1632 735 1679; x_wconf 88' lang='lat' dir='ltr'>rerum</span> <span class='ocrx_word' id='word_1_47' title='bbox 758 1619 883 1679; x_wconf 86' lang='lat' dir='ltr'>natura</span> <span class='ocrx_word' id='word_1_48' title='bbox 906 1631 1031 1693; x_wconf 82' lang='lat' dir='ltr'>genera</span> <span class='ocrx_word' id='word_1_49' title='bbox 1055 1614 1240 1679; x_wconf 88' lang='lat' dir='ltr'>bellorum”</span> <span class='ocrx_word' id='word_1_50' title='bbox 1262 1618 1315 1691; x_wconf 84' lang='lat'><strong>(†).</strong></span> 
     </span>
    </p>

    <p class='ocr_par' dir='ltr' id='par_1_2' title="bbox 352 1751 1423 3325">
     <span class='ocr_line' id='line_1_8' title="bbox 397 1751 1411 1837; baseline 0.004 -24"><span class='ocrx_word' id='word_1_51' title='bbox 397 1751 623 1816; x_wconf 86' lang='lat' dir='ltr'>Nihilominus</span> <span class='ocrx_word' id='word_1_52' title='bbox 647 1752 826 1817; x_wconf 86' lang='lat' dir='ltr'>verissima</span> <span class='ocrx_word' id='word_1_53' title='bbox 851 1756 904 1816; x_wconf 88' lang='lat' dir='ltr'>est</span> <span class='ocrx_word' id='word_1_54' title='bbox 921 1751 1094 1816; x_wconf 75' lang='lat' dir='ltr'>Plutarchi</span> <span class='ocrx_word' id='word_1_55' title='bbox 1108 1752 1313 1837; x_wconf 82' lang='lat' dir='ltr'>observatio,</span> <span class='ocrx_word' id='word_1_56' title='bbox 1326 1751 1411 1817; x_wconf 87' lang='lat' dir='ltr'>inde</span> 
     </span>
     <span class='ocr_line' id='line_1_9' title="bbox 352 1887 1412 1969; baseline 0.004 -20"><span class='ocrx_word' id='word_1_57' title='bbox 352 1904 373 1949; x_wconf 90' lang='lat' dir='ltr'>a</span> <span class='ocrx_word' id='word_1_58' title='bbox 406 1889 560 1967; x_wconf 85' lang='lat' dir='ltr'>tempore</span> <span class='ocrx_word' id='word_1_59' title='bbox 594 1887 687 1951; x_wconf 88' lang='lat' dir='ltr'>tertii</span> <span class='ocrx_word' id='word_1_60' title='bbox 715 1887 879 1968; x_wconf 86' lang='lat' dir='ltr'>triumphi</span> <span class='ocrx_word' id='word_1_61' title='bbox 904 1888 1018 1952; x_wconf 90' lang='lat' dir='ltr'>omnia</span> <span class='ocrx_word' id='word_1_62' title='bbox 1040 1887 1074 1950; x_wconf 91' lang='lat' dir='ltr'>in</span> <span class='ocrx_word' id='word_1_63' title='bbox 1099 1887 1248 1968; x_wconf 83' lang='lat' dir='ltr'>peiorem</span> <span class='ocrx_word' id='word_1_64' title='bbox 1272 1892 1412 1969; x_wconf 86' lang='lat' dir='ltr'>partem</span> 
     </span>
     <span class='ocr_line' id='line_1_10' title="bbox 352 2019 1414 2105; baseline 0.002 -19"><span class='ocrx_word' id='word_1_65' title='bbox 352 2040 453 2087; x_wconf 86' lang='lat' dir='ltr'>versa</span> <span class='ocrx_word' id='word_1_66' title='bbox 488 2026 524 2087; x_wconf 85' lang='lat' dir='ltr'>et</span> <span class='ocrx_word' id='word_1_67' title='bbox 554 2026 690 2088; x_wconf 87' lang='lat' dir='ltr'>mutata</span> <span class='ocrx_word' id='word_1_68' title='bbox 726 2041 821 2089; x_wconf 85' lang='lat' dir='ltr'>esse:</span> <span class='ocrx_word' id='word_1_69' title='bbox 862 2025 942 2105; x_wconf 85' lang='lat' dir='ltr'>Cap.</span> <span class='ocrx_word' id='word_1_70' title='bbox 968 2024 1090 2089; x_wconf 85' lang='lat' dir='ltr'>XLVI.</span> <span class='ocrx_word' id='word_1_71' title='bbox 1122 2020 1165 2088; x_wconf 71' lang='grc' dir='ltr'>»ὁ</span> <span class='ocrx_word' id='word_1_72' title='bbox 1194 2023 1231 2080; x_wconf 76' lang='grc' dir='ltr'>δὲ</span> <span class='ocrx_word' id='word_1_73' title='bbox 1254 2019 1414 2082; x_wconf 73' lang='grc' dir='ltr'><strong><em>ἐπέκεινα</em></strong></span> 
     </span>
     <span class='ocr_line' id='line_1_11' title="bbox 352 2119 1415 2225; baseline 0 -17"><span class='ocrx_word' id='word_1_74' title='bbox 352 2152 475 2224; x_wconf 80' lang='grc' dir='ltr'><strong><em>χρόνος</em></strong></span> <span class='ocrx_word' id='word_1_75' title='bbox 508 2148 601 2225; x_wconf 79' lang='grc' dir='ltr'><strong><em>αὐτῷ</em></strong></span> <span class='ocrx_word' id='word_1_76' title='bbox 634 2153 694 2222; x_wconf 77' lang='grc' dir='ltr'>τὰς</span> <span class='ocrx_word' id='word_1_77' title='bbox 728 2154 791 2223; x_wconf 82' lang='grc' dir='ltr'>μὲν</span> <span class='ocrx_word' id='word_1_78' title='bbox 829 2119 986 2224; x_wconf 59' lang='grc' dir='ltr'><strong><em>εὐτυχῖας</em></strong></span> <span class='ocrx_word' id='word_1_79' title='bbox 1016 2151 1150 2225; x_wconf 63' lang='grc' dir='ltr'><strong><em>ἤνεγκεν</em></strong></span> <span class='ocrx_word' id='word_1_80' title='bbox 1178 2142 1415 2224; x_wconf 68' lang='grc' dir='ltr'><strong><em>ὲπιφθόνοὺς,</em></strong></span> 
     </span>
     <span class='ocr_line' id='line_1_12' title="bbox 353 2286 1423 2372; baseline 0.008 -27"><span class='ocrx_word' id='word_1_81' title='bbox 353 2286 557 2361; x_wconf 78' lang='grc' dir='ltr'><strong><em>ἀνηκέστους</em></strong></span> <span class='ocrx_word' id='word_1_82' title='bbox 582 2291 619 2347; x_wconf 77' lang='grc' dir='ltr'>δὲ</span> <span class='ocrx_word' id='word_1_83' title='bbox 645 2292 707 2362; x_wconf 83' lang='grc' dir='ltr'>τὰς</span> <span class='ocrx_word' id='word_1_84' title='bbox 725 2287 938 2362; x_wconf 76' lang='grc' dir='ltr'><strong><em>δυστυχίας.”</em></strong></span> <span class='ocrx_word' id='word_1_85' title='bbox 986 2289 1100 2355; x_wconf 78' lang='lat' dir='ltr'>Cicero</span> <span class='ocrx_word' id='word_1_86' title='bbox 1123 2290 1206 2372; x_wconf 79' lang='lat' dir='ltr'>ipse,</span> <span class='ocrx_word' id='word_1_87' title='bbox 1231 2290 1288 2370; x_wconf 84' lang='lat' dir='ltr'>qui</span> <span class='ocrx_word' id='word_1_88' title='bbox 1312 2289 1423 2354; x_wconf 69' lang='lat' dir='ltr'>Pom·⁴</span> 
     </span>
     <span class='ocr_line' id='line_1_13' title="bbox 354 2424 1417 2508; baseline 0.005 -20"><span class='ocrx_word' id='word_1_89' title='bbox 354 2424 468 2504; x_wconf 88' lang='lat' dir='ltr'>peium</span> <span class='ocrx_word' id='word_1_90' title='bbox 491 2425 599 2489; x_wconf 90' lang='lat' dir='ltr'>tantis</span> <span class='ocrx_word' id='word_1_91' title='bbox 622 2424 780 2490; x_wconf 83' lang='lat' dir='ltr'>laudibus</span> <span class='ocrx_word' id='word_1_92' title='bbox 804 2425 942 2508; x_wconf 81' lang='lat' dir='ltr'>extulit,</span> <span class='ocrx_word' id='word_1_93' title='bbox 968 2427 1068 2491; x_wconf 90' lang='lat' dir='ltr'>huius</span> <span class='ocrx_word' id='word_1_94' title='bbox 1092 2427 1283 2492; x_wconf 84' lang='lat' dir='ltr'>sententiae</span> <span class='ocrx_word' id='word_1_95' title='bbox 1306 2428 1417 2493; x_wconf 81' lang='lat' dir='ltr'>testis</span> 
     </span>
     <span class='ocr_line' id='line_1_14' title="bbox 354 2560 1415 2645; baseline 0.005 -21"><span class='ocrx_word' id='word_1_96' title='bbox 354 2560 491 2642; x_wconf 72' lang='lat' dir='ltr'>est,-si‚</span> <span class='ocrx_word' id='word_1_97' title='bbox 523 2577 563 2625; x_wconf 89' lang='lat' dir='ltr'>ea</span> <span class='ocrx_word' id='word_1_98' title='bbox 598 2579 852 2645; x_wconf 56' lang='lat' dir='ltr'>comparamus</span> <span class='ocrx_word' id='word_1_99' title='bbox 877 2563 1021 2643; x_wconf 89' lang='lat' dir='ltr'>quaein</span> <span class='ocrx_word' id='word_1_100' title='bbox 1045 2563 1198 2644; x_wconf 83' lang='lat' dir='ltr'>epistolis</span> <span class='ocrx_word' id='word_1_101' title='bbox 1222 2564 1415 2629; x_wconf 85' lang='lat' dir='ltr'>memoriae</span> 
     </span>
     <span class='ocr_line' id='line_1_15' title="bbox 353 2696 1415 2781; baseline 0.006 -22"><span class='ocrx_word' id='word_1_102' title='bbox 353 2696 503 2762; x_wconf 83' lang='lat' dir='ltr'>tradidit.</span> <span class='ocrx_word' id='word_1_103' title='bbox 550 2697 601 2761; x_wconf 87' lang='lat' dir='ltr'>lbi</span> <span class='ocrx_word' id='word_1_104' title='bbox 636 2699 727 2763; x_wconf 87' lang='lat' dir='ltr'>enim</span> <span class='ocrx_word' id='word_1_105' title='bbox 762 2700 921 2781; x_wconf 78' lang='lat' dir='ltr'>cernitur,</span> <span class='ocrx_word' id='word_1_106' title='bbox 953 2700 1062 2780; x_wconf 88' lang='lat' dir='ltr'>qualis</span> <span class='ocrx_word' id='word_1_107' title='bbox 1086 2700 1237 2781; x_wconf 86' lang='lat' dir='ltr'>Pompeii</span> <span class='ocrx_word' id='word_1_108' title='bbox 1261 2701 1415 2765; x_wconf 82' lang='lat' dir='ltr'>Romam</span> 
     </span>
     <span class='ocr_line' id='line_1_16' title="bbox 353 2834 1416 2918; baseline 0.007 -24"><span class='ocrx_word' id='word_1_109' title='bbox 353 2834 483 2898; x_wconf 88' lang='lat' dir='ltr'>reversi</span> <span class='ocrx_word' id='word_1_110' title='bbox 517 2834 620 2899; x_wconf 84' lang='lat' dir='ltr'>fuerit</span> <span class='ocrx_word' id='word_1_111' title='bbox 653 2835 820 2918; x_wconf 60' lang='lat' dir='ltr'>conditim</span> <span class='ocrx_word' id='word_1_112' title='bbox 857 2853 960 2916; x_wconf 88' lang='lat' dir='ltr'>quam</span> <span class='ocrx_word' id='word_1_113' title='bbox 993 2836 1227 2901; x_wconf 77' lang='lat' dir='ltr'>inconstanter</span> <span class='ocrx_word' id='word_1_114' title='bbox 1255 2835 1416 2917; x_wconf 83' lang='lat' dir='ltr'>partium</span> 
     </span>
     <span class='ocr_line' id='line_1_17' title="bbox 356 2952 1418 3039; baseline 0.008 -8"><span class='ocrx_word' id='word_1_115' title='bbox 356 2970 573 3035; x_wconf 83' lang='lat' dir='ltr'>contentione</span> <span class='ocrx_word' id='word_1_116' title='bbox 597 2970 773 3036; x_wconf 83' lang='lat' dir='ltr'>districtus</span> <span class='ocrx_word' id='word_1_117' title='bbox 796 2972 936 3036; x_wconf 85' lang='lat' dir='ltr'>tandem</span> <span class='ocrx_word' id='word_1_118' title='bbox 959 2972 1137 3037; x_wconf 87' lang='lat' dir='ltr'>aCaesare</span> <span class='ocrx_word' id='word_1_119' title='bbox 1150 2952 1418 3039; x_wconf 77' lang='lat' dir='ltr'>circumventus</span> 
     </span>
     <span class='ocr_line' id='line_1_18' title="bbox 355 3106 1418 3192; baseline 0.003 -22"><span class='ocrx_word' id='word_1_120' title='bbox 355 3106 410 3171; x_wconf 85' lang='lat' dir='ltr'>sit.</span> <span class='ocrx_word' id='word_1_121' title='bbox 458 3106 513 3170; x_wconf 84' lang='lat' dir='ltr'>Ad</span> <span class='ocrx_word' id='word_1_122' title='bbox 540 3106 634 3172; x_wconf 88' lang='lat' dir='ltr'>illam</span> <span class='ocrx_word' id='word_1_123' title='bbox 657 3107 808 3188; x_wconf 86' lang='lat' dir='ltr'>Pompeii</span> <span class='ocrx_word' id='word_1_124' title='bbox 832 3108 1015 3188; x_wconf 83' lang='lat' dir='ltr'>imaginem</span> <span class='ocrx_word' id='word_1_125' title='bbox 1039 3127 1059 3173; x_wconf 90' lang='lat' dir='ltr'>a</span> <span class='ocrx_word' id='word_1_126' title='bbox 1084 3108 1243 3174; x_wconf 86' lang='lat' dir='ltr'>Cicerone</span> <span class='ocrx_word' id='word_1_127' title='bbox 1263 3108 1418 3192; x_wconf 87' lang='lat' dir='ltr'>descrip-</span> 
     </span>
     <span class='ocr_line' id='line_1_19' title="bbox 355 3244 1102 3325; baseline 0.004 -17"><span class='ocrx_word' id='word_1_128' title='bbox 355 3247 426 3308; x_wconf 88' lang='lat' dir='ltr'>tam</span> <span class='ocrx_word' id='word_1_129' title='bbox 450 3244 628 3325; x_wconf 89' lang='lat' dir='ltr'>sequentia</span> <span class='ocrx_word' id='word_1_130' title='bbox 651 3245 765 3325; x_wconf 88' lang='lat' dir='ltr'>capita</span> <span class='ocrx_word' id='word_1_131' title='bbox 786 3245 921 3324; x_wconf 87' lang='lat' dir='ltr'>exigere</span> <span class='ocrx_word' id='word_1_132' title='bbox 944 3248 1102 3311; x_wconf 87' lang='lat' dir='ltr'>conabor.</span> 
     </span>
    </p>
   </div>
   <div class='ocr_carea' id='block_1_2' title="bbox 399 3479 1420 3604">
    <p class='ocr_par' dir='ltr' id='par_1_3' title="bbox 399 3479 1420 3604">
     <span class='ocr_line' id='line_1_20' title="bbox 399 3479 1420 3604; baseline 0.001 -19"><span class='ocrx_word' id='word_1_133' title='bbox 399 3521 443 3586; x_wconf 93' lang='lat' dir='ltr'>H.</span> <span class='ocrx_word' id='word_1_134' title='bbox 468 3479 569 3585; x_wconf 83' lang='lat' dir='ltr'>Peter</span> <span class='ocrx_word' id='word_1_135' title='bbox 603 3524 748 3585; x_wconf 88' lang='lat' dir='ltr'>annotat</span> <span class='ocrx_word' id='word_1_136' title='bbox 782 3526 869 3601; x_wconf 87' lang='lat' dir='ltr'>(pag.</span> <span class='ocrx_word' id='word_1_137' title='bbox 909 3523 1001 3604; x_wconf 78' lang='lat'>118),</span> <span class='ocrx_word' id='word_1_138' title='bbox 1027 3521 1249 3586; x_wconf 86' lang='lat' dir='ltr'>Plutarchum</span> <span class='ocrx_word' id='word_1_139' title='bbox 1272 3521 1307 3585; x_wconf 90' lang='lat' dir='ltr'>in</span> <span class='ocrx_word' id='word_1_140' title='bbox 1337 3522 1420 3587; x_wconf 87' lang='lat' dir='ltr'>reli·</span> 
     </span>
    </p>
   </div>
   <div class='ocr_carea' id='block_1_3' title="bbox 355 3658 1446 3877">
    <p class='ocr_par' dir='ltr' id='par_1_4' title="bbox 355 3658 1446 3877">
     <span class='ocr_line' id='line_1_21' title="bbox 355 3658 1446 3741; baseline 0.005 -18"><span class='ocrx_word' id='word_1_141' title='bbox 355 3676 421 3739; x_wconf 88' lang='lat' dir='ltr'>qua</span> <span class='ocrx_word' id='word_1_142' title='bbox 455 3666 554 3740; x_wconf 88' lang='lat' dir='ltr'>parte</span> <span class='ocrx_word' id='word_1_143' title='bbox 586 3658 686 3723; x_wconf 88' lang='lat' dir='ltr'>huius</span> <span class='ocrx_word' id='word_1_144' title='bbox 722 3658 844 3740; x_wconf 87' lang='lat' dir='ltr'>Vitae,</span> <span class='ocrx_word' id='word_1_145' title='bbox 884 3658 1014 3722; x_wconf 88' lang='lat' dir='ltr'>ultimis</span> <span class='ocrx_word' id='word_1_146' title='bbox 1049 3658 1218 3739; x_wconf 83' lang='lat' dir='ltr'>capitibus</span> <span class='ocrx_word' id='word_1_147' title='bbox 1253 3660 1446 3741; x_wconf 82' lang='lat' dir='ltr'>exceptis-</span> 
     </span>
     <span class='ocr_line' id='line_1_22' title="bbox 355 3794 1422 3877; baseline 0.005 -18"><span class='ocrx_word' id='word_1_148' title='bbox 355 3794 721 3877; x_wconf 75' lang='lat' dir='ltr'>(LXXIII-LXXX),</span> <span class='ocrx_word' id='word_1_149' title='bbox 757 3810 867 3876; x_wconf 87' lang='lat' dir='ltr'>pauca</span> <span class='ocrx_word' id='word_1_150' title='bbox 901 3812 992 3860; x_wconf 87' lang='lat' dir='ltr'>nova</span> <span class='ocrx_word' id='word_1_151' title='bbox 1031 3794 1167 3877; x_wconf 78' lang='lat' dir='ltr'>afferre,</span> <span class='ocrx_word' id='word_1_152' title='bbox 1196 3795 1255 3860; x_wconf 87' lang='lat' dir='ltr'>sed</span> <span class='ocrx_word' id='word_1_153' title='bbox 1280 3812 1321 3860; x_wconf 90' lang='lat' dir='ltr'>ea</span> <span class='ocrx_word' id='word_1_154' title='bbox 1345 3801 1422 3864; x_wconf 82' lang='lat' dir='ltr'>tra·</span> 
     </span>
    </p>
   </div>
   <div class='ocr_carea' id='block_1_4' title="bbox 390 4107 837 4300">
    <p class='ocr_par' dir='ltr' id='par_1_5' title="bbox 390 4107 837 4300">
     <span class='ocr_line' id='line_1_23' title="bbox 390 4107 837 4181; baseline -0.009 -17"><span class='ocrx_word' id='word_1_155' title='bbox 390 4109 428 4181; x_wconf 67' lang='lat'>(5)</span> <span class='ocrx_word' id='word_1_156' title='bbox 445 4108 499 4162; x_wconf 87' lang='lat' dir='ltr'>Cic.</span> <span class='ocrx_word' id='word_1_157' title='bbox 523 4109 550 4162; x_wconf 90' lang='lat' dir='ltr'>in</span> <span class='ocrx_word' id='word_1_158' title='bbox 568 4108 644 4162; x_wconf 85' lang='lat' dir='ltr'>Catil.</span> <span class='ocrx_word' id='word_1_159' title='bbox 667 4108 710 4160; x_wconf 84' lang='lat' dir='ltr'>IV.</span> <span class='ocrx_word' id='word_1_160' title='bbox 730 4108 772 4161; x_wconf 86' lang='lat' dir='ltr'>lo.</span> <span class='ocrx_word' id='word_1_161' title='bbox 794 4107 837 4160; x_wconf 78' lang='lat'>21.</span> 
     </span>
     <span class='ocr_line' id='line_1_24' title="bbox 395 4226 767 4300; baseline -0.011 -17"><span class='ocrx_word' id='word_1_162' title='bbox 395 4227 439 4300; x_wconf 74' lang='lat'>(†)</span> <span class='ocrx_word' id='word_1_163' title='bbox 457 4226 510 4280; x_wconf 86' lang='lat' dir='ltr'>Cic.</span> <span class='ocrx_word' id='word_1_164' title='bbox 530 4245 578 4297; x_wconf 82' lang='lat' dir='ltr'>pro</span> <span class='ocrx_word' id='word_1_165' title='bbox 597 4227 680 4280; x_wconf 82' lang='lat' dir='ltr'>Balbo</span> <span class='ocrx_word' id='word_1_166' title='bbox 698 4227 723 4281; x_wconf 77' lang='lat'>4.</span> <span class='ocrx_word' id='word_1_167' title='bbox 743 4230 767 4279; x_wconf 75' lang='lat' dir='ltr'>h.</span> 
     </span>
    </p>
   </div>
   <div class='ocr_carea' id='block_1_5' title="bbox 0 0 1492 5032">
    <p class='ocr_par' dir='ltr' id='par_1_6' title="bbox 0 0 1492 5032">
     <span class='ocr_line' id='line_1_25' title="bbox 0 0 1492 5032; baseline 0 0"><span class='ocrx_word' id='word_1_168' title='bbox 0 0 1492 5032; x_wconf 95' lang='lat' dir='ltr'> </span> 
     </span>
    </p>
   </div>
  </div>
 </body>
</html>
