2970 5032
717 336 757 400 21

218 532 329 599 cautio
364 532 567 599 adhibeatur
597 534 632 597 in
662 533 875 600 diiudicanda
898 535 1130 601 Historiarum
1155 539 1266 602 auoto-

216 672 329 754 ritate‚
353 688 498 752 quarum
521 671 681 753 reliquiae
704 689 802 737 rarae
825 675 950 738 nantes
972 673 1007 737 in
1019 673 1152 754 gurgite
1164 677 1264 739 vasto

217 812 347 873 certum
370 808 530 873 iudicium
547 826 615 874 non
627 808 825 875 admittunt.
849 809 940 874 Num
953 808 1136 876 sallustius
1148 814 1266 876 auctor

216 947 327 1029 luerit,
352 964 453 1028 quem
469 946 680 1029 ¹Plutarchus
703 948 738 1012 in
754 947 807 1013 his
819 947 972 1031 Pompeii
987 949 1081 1014 vitae
1097 948 1267 1030 capitibus

216 1088 353 1150 secutus
375 1084 431 1167 sit,
452 1102 513 1166 pro
537 1089 629 1150 certo
652 1102 721 1171 non
746 1085 1028 1168 confirmaverim,
1053 1087 1117 1151 hoc
1130 1089 1266 1151 tantum

216 1239 258 1287 ex
281 1222 388 1303 ipsius
410 1221 585 1287 Plutarchi
608 1222 723 1288 verbis
746 1223 857 1305 colligi
869 1227 993 1306 potest,
1006 1223 1266 1304 resaPompeio

216 1363 331 1439 gestas
354 1359 487 1428 duobus
509 1358 619 1425 modis
643 1360 816 1426 aestimari
841 1364 877 1426 et
898 1361 983 1425 haec
999 1360 1268 1426 diversaiudicia

214 1496 397 1561 Plutarcho
423 1499 506 1561 nota
528 1495 643 1562 fuisse.
679 1497 905 1579 opponuntur
928 1496 961 1554 ολ
979 1500 1158 1571 φιλοῦντες
1181 1502 1216 1563 et
1234 1495 1268 1554 οἱ

213 1631 458 1701 βασκαίνοντες·
505 1631 668 1698 Neutrius
679 1633 876 1699 auctoritati
891 1634 1095 1699 Plutarchus
1107 1634 1265 1700 servilem

214 1767 246 1830 in
281 1766 420 1832 modum
448 1785 485 1833 se
508 1768 650 1834 addixit.
674 1770 810 1836 Acerba
834 1771 987 1836 convicia
1009 1770 1150 1837 Lucullo
1174 1774 1266 1838 attri-

216 1906 367 1969 buuntur
397 1905 431 1969 in
457 1922 495 1971 eo
520 1924 686 1991 sermone,
711 1925 812 1989 quern
838 1926 915 1973 cum
939 1909 1099 1990 Pompeio
1124 1910 1265 1977 habuit:

217 2040 295 2122 Cap.
330 2041 463 2107 XXXI.
501 2039 737 2126 ηἰίμυνδμενος
760 2044 797 2100 δὲ
815 2039 835 2100 δ
854 2042 1045 2114 Λεύκολλος
1062 2042 1192 2119 εἰδώλῳ
1209 2049 1266 2101 καί

217 2175 292 2244 σκιᾷ
318 2171 469 2240 πολέμου
494 2172 555 2229 τὸν
580 2172 758 2244 Πομπήιον
783 2167 847 2244 ἔφη
874 2171 1092 2242 μαχούμενον
1108 2174 1265 2242 βαδίζειν,

215 2284 411 2355 εἰθισμένον
429 2282 624 2362 ἀλλοτρίοις
633 2292 775 2361 νεκροῖς,
784 2286 895 2362 ὥσπερ
904 2285 999 2362 ὄρνιν
1007 2284 1122 2362 άργὸν,
1135 2283 1265 2343 ε’πικατ-

216 2405 323 2475 αίρειν
339 2406 396 2458 καί
414 2404 559 2470 λείψανα
576 2401 735 2472 πολέμων
751 2402 967 2477 σπαράσσειν.
986 2403 1078 2459 οὕτω
1088 2402 1152 2476 γάρ
1161 2398 1266 2459 αὑτὸν

214 2512 395 2589 ἐπιγράψαι
413 2518 605 2590 Σερτωρίῳ,
623 2519 767 2591 Λεπίδῳ,
784 2523 856 2587 τοῖς
873 2519 1126 2590 Σπαρτακείοις,
1144 2517 1186 2572 τά
1205 2516 1266 2586 μὲν

215 2631 385 2705 Κράσσου,
403 2630 445 2686 τά
464 2631 501 2687 δὲ
520 2628 707 2695 Μετέλλου,
727 2631 768 2687 τά
787 2631 824 2687 δὲ
834 2633 973 2687 Κάτλου
984 2631 1264 2704 κατωρθωκότος.
1298 2623 1306 2638 ’

205 2747 309 2806 Ὅθεν
335 2741 375 2801 οὐ
403 2744 605 2815 θαυμάζειν,
630 2744 661 2802 εί
689 2747 758 2801 τῶν
779 2741 1000 2819 Ἀρμενιακῶν
1016 2748 1072 2800 καί
1091 2748 1266 2802 Ποντικῶν

211 2860 370 2929 πολέμων
398 2856 629 2930 ὑποβάλλεται
656 2861 723 2932 ’τὴν
748 2860 852 2932 δόξαν
879 2827 1061 2933 άνθρωπος
1078 2855 1201 2917 ἑαυτὸν
1218 2860 1265 2931 εἰς

218 2975 419 3050 δραπετικὸν
434 2979 471 3043 (ἓ)
488 2978 662 3049 θρίαμβον
680 2972 775 3046 άμῶς
783 2974 819 3047 γε’
827 2993 898 3046 πως
907 2971 1067 3045 ἐμβαλεῖν
1075 2974 1265 3044 μηχανησά-

213 3093 350 3162 μενος.”
385 3090 488 3156 Plura
523 3092 627 3156 etiam
658 3092 701 3156 ab
725 3091 929 3157 adversariis
953 3090 1114 3172 Pompeio
1138 3090 1265 3156 obiicie-

213 3231 357 3295 bantur:
382 3235 467 3312 (cap.
493 3229 589 3304 XVI)
614 3228 742 3300 πολλὴν
759 3223 837 3299 ἔσκε
855 3225 1031 3298 Πομπήιος
1049 3224 1171 3292 αἰτίαν,
1186 3229 1264 3311 quia

216 3366 361 3433 Brutum
385 3367 450 3430 fide
473 3367 603 3432 violata
625 3367 815 3449 interfecit3
841 3372 924 3448 (cap.
952 3366 1034 3440 XX)
1051 3367 1185 3446 ingrato
1198 3366 1264 3430 ani-

214 3523 269 3570 mo
292 3504 357 3570 fuit
380 3505 415 3569 in
439 3504 662 3586 Perpennam,
685 3499 1051 3583 essexatoaawsqu
1068 3508 1152 3584 (cap.
1165 3503 1263 3577 Xlll)

215 3634 251 3698 ἕν
276 3638 454 3695 αίτιάσθαι
484 3645 557 3709 τοῖς
581 3641 799 3709 βασκαίνουσι
822 3642 939 3711 περιῆν
955 3634 1151 3704 ὑπόλοιπον,
1174 3641 1263 3720 quod

941 3807 1244 3814 .—-—--—......-..-.....

248 3883 285 3956 (ᾗ)
306 3884 429 3939 Fortasse
448 3901 496 3955 pro
520 3881 692 3951 δραπετικὸν
712 3885 855 3956 legandum
878 3890 918 3939 est
928 3881 1077 3953 Ilouraton.
1091 3885 1197 3940 Bellum
1208 3903 1263 3939 ser·-

216 4004 267 4057 vile
287 4003 447 4058 Plutarchus
466 4004 519 4058 iam
542 4003 859 4075 simiismavitvocabulis:
879 4005 1162 4086 τοῖςΣπαρτακείοις.
1182 4004 1263 4058 Prac-

214 4129 287 4176 loren
304 4123 437 4177 sententia
456 4124 555 4177 clamat
573 4124 617 4178 hic
635 4124 730 4178 ultimo
749 4124 806 4176 loco
824 4123 1029 4177 memorandum
1048 4124 1125 4178 ossei
1151 4125 1262 4194 ballum,

213 4243 283 4312 quod
305 4241 430 4297 Metellus
450 4242 581 4297 ininsula
603 4243 682 4297 Grata
698 4242 789 4314 gessit.
