2970 5032
723 313 763 376 5?

213 508 310 575 venti
332 508 433 575 valde
456 512 539 576 sunt
561 511 715 594 secundi,
739 511 842 576 reddo
867 511 1057 594 meliorem,
1087 529 1170 576 num
1196 515 1266 576 tan·

213 650 290 711 tum
324 647 446 712 obsum
469 647 674 730 reipublicae
686 651 725 715 ?’'
776 648 911 731 Scripta
935 653 989 714 est
1014 649 1099 714 haec
1122 649 1267 730 epistola

213 799 333 849 mense
355 784 451 851 Iunio
479 803 509 851 a.
534 787 598 867 60;
623 785 677 855 lex
702 786 820 851 Flavia
830 786 873 852 ad
885 786 1028 851 nihilum
1041 786 1180 851 redacta
1192 791 1267 851 erat

213 920 337 1005 („quod
377 921 419 987 de
453 923 587 1003 agraria
622 923 695 1004 lege
730 923 882 1007 quaeris,
918 940 1001 988 sane
1036 922 1104 987 iarn
1131 923 1266 987 videtur

213 1055 442 1141 refrixisse'');
477 1039 655 1127 instabant
687 1065 803 1127 autem
836 1061 973 1128 comitia
1008 1060 1199 1127 consularia
1232 1065 1267 1124 11

213 1194 341 1261 Caesar
373 1197 503 1263 Romae
533 1200 799 1280 exspectabatur
834 1198 1032 1284 („Lucceius
1059 1199 1139 1280 quid
1163 1203 1264 1281 agat,

212 1333 362 1399 scribam
396 1333 439 1399 ad
473 1338 531 1418 te,
569 1353 647 1401 cum
683 1335 863 1401 Caesarem
898 1337 1036 1420 videro,
1069 1336 1127 1418 qui
1157 1336 1266 1401 aderit

213 1467 360 1545 biduo’).
407 1471 466 1554 Ep.
502 1472 546 1536 ad
580 1471 656 1538 nu.
688 1473 713 1539 Ι.
750 1474 866 1539 1111
901 1479 976 1551 (scr.
1000 1475 1129 1540 Romae
1151 1473 1267 1538 Mense

212 1610 392 1676 Decembri
426 1629 457 1677 1.
492 1613 546 1687 61)
586 1612 644 1693 qui
667 1612 882 1678 consulatum
907 1613 1047 1694 petituri
1069 1616 1168 1678 erant
1191 1630 1267 1677 enu-

213 1751 411 1815 merantur:
435 1748 619 1832 Lucceius,
645 1749 769 1815 Caesar
793 1753 829 1814 et
850 1748 1003 1814 Bibulus.
1044 1748 1099 1812 Ad
1123 1750 1265 1814 eandem

214 1902 287 1950 11111
309 1889 445 1968 spectat
467 1886 557 1968 quod
582 1886 695 1951 Cicero
720 1886 838 1952 scribit
861 1886 893 1964 (1.
918 1886 970 1969 1.),
994 1885 1129 1951 Caesari
1142 1890 1266 1950 ventos

216 2023 314 2089 valde
337 2024 505 2090 secundos
528 2041 613 2089 esse.
660 2024 735 2089 Hoc
758 2024 861 2104 igitur
885 2027 1042 2089 constat:
1067 2023 1182 2088 Mense
1207 2023 1265 2088 De·

217 2162 341 2227 cembri
375 2181 405 2228 1.
441 2163 482 2226 61
513 2163 582 2226 iarn
605 2165 766 2227 notares
790 2166 885 2246 1111,
910 2161 1091 2226 Caesarem
1114 2160 1265 2225 animuin

213 2299 388 2365 induxisse
419 2304 462 2365 ut
494 2301 711 2365 consulatum
734 2304 887 2382 peteret3
913 2303 1099 2381 antequam
1121 2300 1266 2364 Romam

213 2436 328 2519 rediit,
364 2437 393 2502 ei
417 2436 512 2502 venti
535 2435 636 2501 valde
659 2437 798 2501 secundi
822 2440 935 2519 erant,
960 2437 980 2502 i.
1006 2454 1034 2502 1.
1060 2439 1174 2502 certus
1197 2435 1266 2500 fere
1300 2444 1303 2449 '

212 2574 331 2640 consul
365 2576 562 2657 putabatur.
609 2573 724 2639 Cicero
759 2577 876 2638 autem
911 2574 975 2638 hoc
998 2574 1150 2638 scribens
1173 2573 1265 2637 nullo

173 2684 178 2693 Ι
212 2714 318 2778 verbo
351 2716 613 2792 commemorat,
650 2711 745 2777 illum
769 2711 834 2777 hac
857 2712 892 2775 in
917 2729 953 2776 re
977 2728 997 2775 a
1021 2711 1181 2792 Pompeio
1206 2714 1266 2774 aut

212 2868 235 2916 a
273 2851 395 2916 Crasso
430 2821 585 2915 adiutum
617 2867 702 2915 esse.
753 2849 801 2913 De
835 2849 958 2912 horum
985 2847 1090 2912 trium
1113 2847 1265 2912 virorum

213 2984 448 3052 coniunctione
482 2987 692 3052 mentionem
725 2987 808 3052 facit
841 2985 997 3067 sequenti
1027 2984 1185 3067 epistola,
1210 2986 1264 3061 (ad

212 3121 288 3187 Att.
321 3123 362 3189 H.
400 3124 431 3198 3)
466 3123 594 3205 scripta
625 3124 755 3189 Romae
790 3140 907 3188 mense
941 3121 1118 3187 Decembri
1146 3139 1175 3187 1.
1201 3123 1261 3199 60,

213 3258 315 3340 idque
349 3260 391 3326 iis
424 3261 557 3344 verbis,
603 3264 643 3326 ut
682 3260 808 3342 aliquid
843 3261 923 3325 novi
957 3259 1062 3324 fuisse
1095 3259 1262 3324 videatur.

213 3397 427 3480 Quamquam
450 3400 554 3480 igitur
576 3400 781 3465 Plutarchus
805 3417 877 3465 11111
901 3398 950 3464 sic
969 3398 1173 3480 1111011111),
1186 3416 1263 3480 qua-

151 3519 158 3528 *
213 3534 242 3598 si
277 3536 422 3619 primus,
459 3537 516 3618 qui
552 3537 685 3620 dicitur,
720 3537 959 3601 triumviratus
982 3535 1050 3600 iam
1074 3535 1261 3616 exstiterit,

211 3676 397 3754 antequam
431 3673 556 3739 Caesar
591 3675 709 3740 consul
744 3678 926 3757 crearetur,
951 3678 986 3739 et
1008 3673 1196 3739 Mommsen
1220 3677 1262 3749 (†)

212 3810 356 3874 eandem
379 3812 587 3876 sententiam
610 3812 773 3896 sequitur,
798 3811 1004 3894 probabilior
1027 3811 1109 3874 mihi
1128 3811 1263 3874 videtur

249 4128 286 4200 (5)
307 4129 339 4182 cs.
361 4129 432 4183 Plui.
454 4129 529 4184 Caes
551 4130 614 4201 Cap.
632 4132 702 4185 xli.

246 4240 284 4314 (†)
303 4242 453 4296 Mommsen
473 4243 504 4296 li.
524 4243 555 4296 G.
574 4243 619 4297 ΙΙΙ.
638 4261 689 4314 pag
715 4244 776 4298 197.
