2970 5032
724 327 764 391 75

212 524 387 589 theatrum
419 542 508 590 anno
533 528 681 590 exeunte
705 525 897 590 dedicatum
920 543 1006 610 esse,
1031 525 1120 607 quod
1143 542 1203 607 per
1226 543 1263 590 se

212 660 396 726 verisimile
419 679 487 727 non
511 662 656 728 ridetur.
681 662 863 727 Praeterea
887 662 1041 744 epistola,
1066 662 1155 727 unde
1179 664 1264 727 haec

212 800 319 863 verba
344 799 545 881 deprompta
569 804 660 882 sunt,
684 800 812 882 scripta
836 801 947 866 estin
971 800 1172 882 Tusculana,
1196 813 1262 881 quo

214 937 328 1002 Cicero
352 937 448 1001 brevi
472 946 552 1002 ante
576 955 613 1003 se
637 938 838 1004 contulerat.
875 938 1017 1004 Crassus
1042 938 1132 1002 enim
1155 954 1264 1019 paene

214 1076 256 1139 ab
292 1075 364 1139 eius
398 1074 541 1141 Laribus
576 1075 611 1139 in
646 1075 858 1157 provinciam
891 1080 944 1141 est
976 1075 1158 1158 profectus,
1184 1091 1264 1139 nam

213 1212 344 1276 cumei
369 1211 587 1294 condixisset,
620 1213 756 1277 cenavit
780 1213 869 1294 apud
894 1213 1029 1278 eumin
1054 1211 1264 1293 Crassipedis

213 1349 322 1414 hortis
345 1351 396 1425 (ἓ).
422 1349 536 1415 Cicero
561 1353 688 1433 autem,
713 1368 817 1431 quum
841 1352 1016 1416 theatrum
1040 1350 1262 1432 dedicaretur,

213 1486 342 1550 Romae
366 1489 454 1568 erat;
480 1490 597 1551 exstat
620 1487 711 1567 enim
735 1487 776 1551 de
800 1488 924 1552 haere
949 1487 1158 1569 lepidissima
1182 1487 1264 1568 epis·

214 1623 284 1689 tola
319 1623 362 1688 ad
401 1623 545 1689 Marium
580 1624 651 1706 (Ep.
677 1625 719 1688 ad
743 1625 836 1690 Fam.
861 1624 935 1690 VH.
964 1626 1003 1700 1).
1051 1625 1122 1706 Quo
1147 1641 1264 1690 mense

213 1764 297 1827 haec
333 1761 478 1844 epistola
510 1761 638 1843 scripta
673 1762 728 1845 sit,
753 1762 944 1844 ignoratur,
980 1764 1135 1827 attamen
1159 1778 1264 1842 quum

215 1899 328 1963 Cicero
357 1897 618 1962 molestissimas
641 1915 722 1962 suas
746 1898 986 1978 occupationes
1010 1900 1263 1980 commemoret,

215 2035 339 2116 otiique
363 2034 601 2116 cupidissimus
625 2050 700 2099 esse
723 2033 893 2118 videatur,
922 2039 1065 2117 apparet
1089 2053 1166 2100 eum
1189 2040 1264 2099 tum

215 2144 421 2252 aliquamdiu
456 2171 584 2236 Romae
624 2171 765 2251 degisse.
813 2171 890 2236 Non
923 2171 973 2237 ita
1007 2171 1210 2254 scripsisset,
1235 2171 1263 2236 si

213 2309 339 2375 theatri
368 2309 534 2375 dedicatio
559 2306 687 2374 mense'
700 2309 878 2375 Decembri
904 2310 997 2375 facta
1020 2315 1112 2375 esset
1139 2310 1262 2391 etipse

213 2446 331 2526 paucis
353 2445 473 2510 (liebus
500 2449 581 2510 ante
605 2463 623 2509 e
644 2446 833 2511 Tusculano
858 2447 1025 2512 rediisset.

256 2582 382 2647 lisdem
405 2581 529 2647 litteris
554 2581 668 2647 Cicero
690 2599 751 2662 pro
774 2583 989 2648 humanitate
1013 2602 1075 2648 sua
1088 2585 1214 2648 minine
1225 2602 1262 2650 se

213 2719 279 2784 illis
303 2719 392 2784 ludis
416 2718 624 2784 delectatum
636 2735 711 2783 esse
724 2718 890 2785 declarat:
908 2718 997 2803 „ludi
1009 2721 1263 2802 apparatissimi

213 2856 271 2920 sed
285 2873 352 2921 uon
365 2855 416 2920 tui
433 2855 612 2939 stomachi,
626 2855 856 2920 coniecturam
870 2855 960 2920 enim
973 2855 1059 2921 facio
1078 2856 1119 2921 de
1131 2874 1206 2922 meo
1219 2908 1225 2922 .
1238 2904 1261 2923 ..

212 2992 413 3075 popularem
453 2993 714 3059 admirationem
760 2995 965 3077 habuerunt,
1001 2994 1263 3061 delectationem

212 3132 274 3196 tibi
295 3131 425 3195 nullam
452 3127 686 3196 attulissent.''
732 3131 843 3196 Etiam
868 3131 1041 3212 elephanti
1065 3150 1264 3198 commemo·

213 3273 349 3334 rantur:
376 3272 572 3354 „extremus
594 3267 855 3349 elephantorum
877 3269 949 3335 dies
972 3270 1046 3353 fuit,
1071 3271 1105 3334 in
1127 3288 1193 3352 quo
1210 3273 1264 3335 ad·

213 3406 348 3471 miratio
383 3423 509 3487 magna
542 3405 634 3486 volgi
662 3409 766 3486 atque
798 3407 930 3489 turbae,
966 3406 1146 3472 delectatio
1171 3407 1264 3472 nulla
1338 3373 1342 3383 ⁵

215 3543 359 3608 exstitit:
394 3543 475 3624 quin
507 3543 612 3608 etiam
634 3543 864 3609 misericordia
891 3543 1059 3625 quaedam
1081 3549 1264 3609 consecuta

215 3685 269 3743 est
291 3682 394 3759 atque
418 3681 529 3761 opinio
559 3681 735 3764 eiusmodi,
767 3698 842 3747 esse
874 3682 1045 3762 quandam
1068 3681 1117 3746 illi
1144 3682 1264 3747 beluae

215 3832 292 3878 cum
315 3831 438 3895 genere
465 3816 614 3882 humano
641 3815 872 3883 societatem.’'
1240 3782 1249 3824 ¹

251 4246 285 4319 u)
304 4247 352 4317 ap.
372 4246 405 4301 ao
427 4246 501 4299 ram.
521 4244 540 4300 1.
559 4244 585 4301 o.
604 4243 648 4298 ro.
