2970 5032
258 629 383 694 Caesar
413 629 447 693 id
470 646 576 715 agens
599 633 638 695 ut
661 630 713 695 sui
739 628 939 702 defensores¹
956 630 1084 696 Romae
1108 633 1261 717 haberet,

213 767 452 848 praesentibus
474 767 624 832 nummis
647 766 827 832 Curionem
850 767 1027 832 tribunum
1050 768 1095 851 pl.
1120 774 1155 834 et
1178 771 1263 835 Pau·

126 988 130 1000 1
214 905 287 969 lum
311 904 484 971 consulem
509 905 660 985 corrupit
682 907 733 980 (ἓ).
781 904 892 969 Huius
916 905 964 969 rei
991 905 1083 970 fama
1117 907 1152 970 in
1192 907 1263 971 Cili·

216 1043 305 1108 ciam
351 1042 483 1123 perlata
528 1044 603 1105 crat
650 1041 694 1106 ad
743 1041 947 1108 Ciceronem.
995 1042 1138 1125 Scripsit
1173 1046 1263 1110 enim

215 1164 259 1236 ad
301 1169 457 1234 Atticum
492 1184 610 1232 mense
645 1168 740 1233 lunio
772 1186 802 1234 a.
828 1170 870 1234 50
895 1170 949 1246 (ad
976 1169 1051 1236 Att.
1073 1170 1131 1236 VI.
1156 1173 1186 1237 3.
1211 1175 1262 1248 4l:

218 1308 279 1393 ,de
310 1308 450 1372 urbanis
481 1307 583 1372 rebus
617 1305 746 1373 scilicet
776 1305 875 1387 plura
906 1308 1046 1391 tuscis,
1070 1309 1206 1391 saepius
1230 1316 1265 1376 et

216 1447 362 1512 certiora
396 1441 512 1527 audis3
549 1444 705 1526 equidem
739 1444 835 1509 doleo
871 1463 938 1510 non
973 1463 1027 1510 mc
1050 1446 1119 1512 tuis
1142 1446 1265 1512 litteris

218 1585 396 1650 certiorem
428 1583 511 1666 fieri,
546 1584 613 1648 huc
636 1583 726 1648 enim
750 1582 866 1648 odiosa
889 1582 1120 1649 afferebantur
1143 1585 1184 1650 de
1208 1585 1266 1650 Cu·

218 1723 312 1788 rione
351 1727 386 1787 et
420 1721 547 1805 Paule,
583 1739 651 1786 non
691 1738 756 1801 quo
789 1720 896 1784 ullum
920 1721 1107 1802 periculum
1131 1723 1266 1788 videam

219 1863 336 1926 stante
359 1858 520 1941 Pompeio
544 1858 600 1923 vel
624 1858 727 1923 etiam
752 1858 903 1939 sedente,
926 1857 1043 1923 valeat
1065 1859 1182 1940 modo;
1207 1861 1265 1925 sed

221 1997 414 2062 mehercule
450 1995 603 2060 Curionis
638 1998 673 2059 et
696 1994 792 2058 Pauli
817 2012 970 2060 meorum
993 1994 1199 2060 familiarum
1222 1997 1267 2061 vi·

193 2151 292 2198 ¹cern
329 2129 457 2198 doleo.''
506 2131 588 2213 Quis
622 2131 738 2197 odiosa
761 2131 819 2195 illa
842 2131 1027 2213 attulisset,
1052 2132 1201 2198 cernitur
1225 2150 1267 2198 ex

219 2269 324 2337 Caelii
349 2269 514 2351 epistola:
539 2268 598 2351 Ep.
623 2268 666 2332 ad
690 2268 783 2334 Fam.
808 2268 899 2333 Vlll.
924 2270 954 2333 6.
983 2271 1013 2334 5.
1038 2273 1112 2344 (scr.
1139 2271 1267 2336 Romae

218 2426 337 2523 mense
360 2408 457 2472 Febr.
483 2424 513 2471 a.
538 2407 592 2480 50)
616 2405 725 2489 „quod
748 2405 810 2470 tibi
828 2423 931 2486 supra
948 2406 1077 2488 scripsi,
1090 2407 1269 2473 Curionem

219 2546 320 2612 valde
343 2544 476 2625 frigere,
500 2543 568 2607 iam
593 2541 702 2622 calet;
726 2558 806 2604 narn
830 2541 1080 2607 ferventissime
1104 2544 1269 2625 concerpi-

219 2687 291 2763 tur;
331 2680 504 2746 levissime
538 2678 639 2760 enirn,
676 2677 755 2758 quia
790 2677 831 2741 de
864 2676 1098 2743 intercalando
1124 2682 1167 2755 (1)
1203 2697 1270 2745 non

221 2819 426 2893 obtinuerat,
457 2815 651 2905 transfugit
685 2814 727 2879 ad
762 2814 926 2896 populum
960 2818 996 2879 et
1030 2833 1091 2896 pro
1128 2815 1271 2882 Caesare

221 2959 312 3040 loqui
337 2952 479 3038 coepit.'’
527 2954 616 3020 Huic
639 2954 829 3036 defectioni,
854 2970 941 3034 quae
964 2954 1083 3035 quanti
1107 2956 1271 3021 momenti

220 3095 324 3160 fuerit
358 3092 536 3175 sequentia
571 3091 769 3173 docuerunt,
795 3089 909 3155 Cicero
933 3090 1025 3155 haud
1048 3091 1195 3157 multum
1218 3094 1273 3158 tri·

223 3232 307 3315 buit,
331 3232 456 3313 quippe
475 3229 532 3311 qui
556 3227 669 3293 Caelio
693 3226 925 3308 rescripserit:
950 3226 1021 3308 (Ep.
1045 3226 1089 3291 ad
1111 3227 1205 3293 Fam.
1230 3228 1271 3294 Π.

227 3374 277 3437 13.
303 3373 335 3446 3)
373 3369 473 3455 „quid
507 3363 602 3433 ais?
635 3366 814 3431 Caesarem
846 3383 937 3430 nunc
971 3365 1122 3430 defendit
1145 3365 1273 3433 Curio?

224 3509 300 3590 ouis
334 3509 397 3573 hoc
430 3507 571 3588 putarat
603 3506 739 3584 praeter
768 3503 852 3567 me?
883 3519 974 3584 narn,
998 3502 1047 3566 ita
1069 3502 1196 3586 vivam,
1218 3522 1274 3585 pu-

247 3672 442 3680 ,‚-—,-,-„,‚-,„,
450 3668 586 3676 -Μ-
592 3664 760 3673 ι--ἠν
1105 3665 1248 3674 —.-

180 3778 184 3783 ·
261 3759 296 3832 (5)
323 3760 346 3813 Α
374 3758 519 3812 Plutarcho
543 3755 624 3810 etiam
647 3755 780 3809 Antonius
799 3753 962 3817 nominatur,
981 3752 1057 3806 cuins
1076 3769 1139 3807 cum
1158 3752 1273 3807 Curione

223 3874 312 3945 qualis
341 3872 422 3925 fuerit
447 3868 626 3936 necessitudo
655 3867 732 3921 vide:
760 3867 813 3920 Cic.
833 3866 951 3937 Philipp.
970 3865 1002 3920 ll.
1022 3865 1064 3920 18.
1085 3865 1128 3934 lt,
1149 3866 1200 3920 nisi
1220 3865 1274 3918 illis

226 3966 460 4040 maledictls'frdes
478 3997 589 4052 prorsus
607 3980 763 4051 deneganda
781 3996 840 4033 csse
858 3979 973 4034 videtur.

261 4098 300 4171 (†)
320 4099 369 4168 Ep.
387 4095 420 4149 ad
439 4095 494 4151 ntt.
513 4092 545 4149 V.
564 4092 607 4146 21.
625 4092 670 4149 11.

352 4227 365 4259 1)
431 4223 443 4257 n
509 4205 553 4261 Vl.
572 4204 597 4258 1.
616 4203 659 4258 11.
