2970 5032
767 336 805 400 14

264 532 359 598 misit
382 538 417 598 et
441 532 624 598 Aemiliam
647 551 789 600 uxorem
817 534 925 600 duxit.
950 533 1062 598 Huius
1084 533 1133 597 rei
1144 529 1313 596 acerbitas

264 687 306 736 eo
341 670 445 734 etiam
468 671 669 753 augebatur,
693 672 782 752 quod
807 672 961 738 Antistia
985 675 1125 753 propter
1151 666 1313 732 maritum

266 810 364 889 patre
388 807 529 872 orbatus
550 812 646 873 erat:
671 805 884 892 „maeotim
900 807 965 880 τὰρ
982 802 1003 864 ὃ
1018 801 1196 872 Ἀττὶττττς
1213 796 1250 858 ἔτ
1265 801 1313 872 τῷ

264 942 494 1015 βουλευτηρίῳ
510 944 622 999 δοκῶν
638 942 681 998 τὰ
699 941 816 998 Σύλλα
833 947 947 1014 τηρεῖν
963 939 1020 997 διὰ
1039 938 1248 1009 nonacrim?
1272 934 1313 999 cf.

267 1076 333 1143 Cic.
357 1076 530 1158 Β1111.90,
554 1079 630 1144 311.
661 1078 850 1161 „tumultus
872 1077 1002 1142 interea
1022 1077 1057 1141 in
1085 1073 1315 1156 recuperanda

266 1213 440 1296 republica
461 1219 509 1289 (a⁰
530 1215 586 1289 83)
609 1218 645 1280 et
665 1214 811 1280 crudelis
830 1215 991 1280 interitus
1013 1199 1187 1280 oratorum
1199 1212 1313 1293 trium,

267 1350 461 1433 Scaevolae,
485 1351 659 1435 Carbonis
686 1351 863 1417 Antistii.’'
910 1351 1015 1417 Socer
1037 1351 1141 1432 igitur
1164 1351 1314 1433 Pompeii

267 1491 322 1552 est
343 1486 399 1552 ille
421 1487 594 1554 Antistius
615 1493 741 1571 orator,
764 1489 822 1570 qui
843 1487 1045 1553 etiumaliis
1067 1488 1196 1553 loeisin
1208 1487 1315 1553 Bruto

268 1630 563 1692 commemoratur.
609 1625 694 1708 Quid
721 1626 862 1692 dicendo
885 1625 1042 1708 valuerit,
1064 1625 1179 1690 Cicero
1189 1625 1315 1690 tradit:

268 1760 364 1827 Brut.
392 1762 444 1828 63.
469 1764 543 1830 226.
564 1764 621 1847 „R
634 1763 809 1828 Antistius
820 1763 940 1828 rabula
955 1780 1039 1828 sane
1056 1761 1315 1844 probabilis...

268 1899 304 1963 in
327 1899 504 1967 tribunatu
529 1901 676 1983 primum
698 1906 818 1967 eontra
842 1900 877 1966 C.
902 1900 978 1966 Iulii
1001 1900 1095 1965 illam
1119 1898 1318 1965 consulatus

269 2035 469 2117 petitionem
498 2038 806 2103 extraordinariam
830 2054 949 2101 veram
972 2054 1111 2102 eausam
1135 2053 1242 2116 agens
1264 2039 1318 2100 est

269 2174 465 2255 probatus.”
508 2174 628 2256 Itaque
662 2174 867 2239 Plutarchus
886 2174 1015 2239 erravit
1037 2177 1089 2255 (ὅ),
1113 2191 1218 2255 quum
1245 2190 1317 2238 oon-

268 2311 425 2376 tenderet
447 2316 640 2393 praetorem
662 2310 767 2376 fuisse
788 2310 884 2376 illum
899 2311 1100 2393 Antistium,
1114 2311 1205 2393 apud
1217 2328 1318 2392 quem

270 2464 373 2513 causa
405 2448 447 2514 de
481 2448 580 2514 bouis
602 2447 785 2514 Asculanis
811 2449 988 2529 agebatur.
1035 2448 1147 2530 Quum
1169 2448 1260 2513 enim
1281 2458 1318 2512 a⁰
1422 2452 1426 2458 '

269 2588 313 2651 88
334 2587 492 2652 tribunus
503 2587 613 2669 plebis
624 2586 737 2663 luerit,
754 2586 889 2652 biennio
903 2591 982 2668 post
994 2591 1190 2668 praeturam
1203 2601 1318 2667 gerere

270 2744 339 2792 non
360 2729 498 2808 poterat
519 2724 578 2791 sed
602 2725 705 2789 iudex
727 2724 937 2806 quaestionis
957 2724 1319 2790 ineacausadePom·

271 2862 346 2944 pelo
376 2862 583 2928 sententiam
604 2861 685 2926 tulit
709 2864 763 2937 (1).
808 2861 847 2925 ln
872 2860 985 2926 Orellii
1009 2861 1226 2926 Onomastioo
1247 2861 1319 2924 Tul-

271 2998 361 3064 liano
385 2999 428 3064 ad
451 2997 596 3063 eundem
617 2997 808 3062 Antistium
833 2997 978 3064 refertur
1005 3000 1041 3075 (Ἴ
1056 3018 1063 3062 :
1077 2997 1133 3062 Cic
1146 3015 1206 3079 pro
1220 2999 1318 3063 Ruso.

271 3137 349 3201 Am.
375 3137 505 3201 3290.

307 3421 345 3492 (5)
363 3420 425 3491 Cap.
452 3413 626 3474 Ι1’...οἳσττ
643 3413 789 3471 Ἀντίστιον
807 3419 1060 3490 στρατηγοῦντα
1077 3416 1126 3470 καὶ
1143 3414 1319 3488 βραβεύοντα

272 3536 324 3608 τὴν
349 3540 432 3607 δίκην
450 3533 562 3606 ἐκείνην
581 3531 739 3605 ἐρασθῆναι
757 3536 808 3590 τοῦ
829 3537 990 3604 Πομπηίου.
1010 3535 1107 3589 Melius
1125 3536 1267 3590 1111111.
1287 3535 1318 3589 ll.

271 3659 316 3713 ab.
336 3659 530 3729 »Damasippus
546 3662 653 3729 praetor·
671 3657 818 3711 Antistium
837 3659 1000 3713 aedilicium
1020 3655 1047 3710 in
1062 3656 1136 3709 curia
1143 3655 1255 3709 Hostilia
1263 3661 1316 3708 tru-

271 3778 394 3833 cidavit.''
890 3774 934 3847 (†)
952 3776 984 3830 el.
1004 3776 1097 3830 Dium.
1120 3775 1139 3829 1.
1158 3774 1201 3827 55.

308 3898 344 3968 (⁶)
358 3897 414 3951 Cic.
443 3914 493 3968 pro
520 3896 550 3949 L.
575 3895 655 3950 Coun.
677 3895 760 3949 Balbo
777 3895 821 3948 21.
843 3893 895 3948 48:
917 3894 962 3948 11..
981 3894 1115 3949 Antistius
1138 3900 1270 3952 accusarit
1289 3899 1319 3952 T.

274 4017 428 4072 Matinium
457 4016 634 4088 Spoletinum,
661 4032 744 4086 quem
774 4015 802 4069 C.
826 4015 927 4068 Marius
945 4015 1051 4070 civitate
1069 4016 1241 4072 donaverat?
1278 4018 1319 4070 Ad

273 4136 347 4190 hunc
365 4136 394 4190 L.
411 4136 558 4190 Antistium
578 4135 651 4189 locus
674 4134 843 4188 exoratione
863 4150 910 4204 pro
930 4135 1321 4206 111111111111111111111111111

273 4256 401 4310 ferendus
418 4261 466 4310 est.
