2970 5032
726 350 768 413 63

216 549 381 631 gissent.”
418 552 453 614 et
490 549 711 634 „Pompeidm
745 550 947 614 restituendi
986 550 1039 615 sui
1075 568 1178 632 quam
1200 551 1274 616 reti-

217 685 321 752 nendi
352 685 591 752 studiosiorem
613 686 751 752 fuisse.''
765 688 801 763 (³)
819 686 874 751 Ad
898 687 1033 753 irritum
1056 687 1184 753 cadunt
1207 705 1273 753 om-

217 823 275 888 nia
306 822 492 905 promissa;
528 823 680 904 Pompeii
715 823 815 907 enim,
848 828 1032 906 postquam
1066 824 1203 890 Caesari
1237 842 1273 889 se

217 960 385 1042 adiunxit,
418 959 499 1025 talis
533 960 682 1025 conditio
716 964 800 1043 erat,
829 966 867 1026 ut
896 978 1015 1026 omnes
1042 961 1077 1025 in
1098 961 1272 1043 republica

215 1096 421 1163 dissidentes
439 1096 594 1163 inimicos
616 1098 743 1162 habere
763 1101 940 1178 cogeretur
952 1101 1004 1175 (†).

260 1234 374 1299 Etiam
407 1233 516 1299 Vettii
548 1234 707 1299 indiqum
743 1235 844 1300 huius
880 1236 928 1301 rei
956 1235 1199 1302 documentum
1218 1243 1272 1303 est

214 1371 319 1448 (Plnt.
343 1370 423 1436 Luc.
448 1371 528 1453 Cap.
549 1371 655 1455 XLII,
683 1371 748 1438 Cic.
773 1372 833 1454 Ep.
858 1373 900 1437 ad
929 1374 1004 1439 Att.
1023 1373 1065 1439 H.
1079 1375 1154 1457 241,
1166 1393 1270 1456 quum

214 1507 301 1574 ideo·
327 1525 348 1573 a
382 1507 528 1573 Caesare
567 1508 752 1573 conflatum
791 1513 892 1590 esset,
917 1513 957 1574 ut
980 1510 1022 1574 ab
1047 1511 1271 1592 optimatibus

215 1646 418 1728 Pompeium
457 1663 597 1727 prorsus
628 1645 848 1711 abalienaret.
882 1647 959 1711 Non
985 1642 1039 1731 „⁰²
1057 1650 1270 1718 Πομπηιανοὶ

214 1782 318 1859 (Plut.
355 1782 376 1848 l.
409 1783 443 1857 l.)
478 1783 537 1848 sed
572 1783 696 1848 Caesar
717 1801 777 1865 per
805 1782 984 1848 Vatinium
1007 1782 1103 1848 illum
1126 1784 1268 1848 indicem

217 1918 429 1986 subornavit.
455 1919 507 1995 (cl.
531 1919 596 1984 Cio.
621 1919 655 1982 in
678 1919 796 1985 Vatin.
824 1921 874 1985 10.
899 1920 963 1994 24).

263 2056 354 2122 Idem
395 2057 557 2121 Vatinius
593 2056 702 2136 legem
744 2056 826 2121 tulit
860 2057 900 2122 de
937 2057 1077 2139 imperio
1103 2059 1267 2142 Caesaris,

220 2192 333 2276 itaque
373 2194 566 2279 „eripuerat
589 2194 723 2259 senatui
744 2195 939 2276 proviaciae
962 2195 1193 2261 decernendae
1216 2215 1269 2278 po·

216 2333 403 2397 testatem”
430 2331 499 2407 (Cio
522 2332 556 2395 in
580 2331 696 2398 Vatin.
724 2334 773 2398 15.
797 2334 862 2408 26).
887 2333 1071 2414 Pompeius
1095 2334 1215 2399 deinde
1235 2335 1267 2399 in

215 2473 341 2535 senatu
375 2468 408 2532 id
438 2469 517 2550 egit,
550 2473 590 2533 ut
618 2468 728 2533 Gallia
751 2469 894 2535 ulterior
918 2471 966 2534 illi
987 2471 1128 2553 imperio
1156 2473 1269 2537 adiun-
1366 2553 1370 2562 .

216 2612 354 2689 geretur·
366 2612 417 2684 (ὃ).
443 2608 648 2673 Plutarchus
659 2608 722 2673 hoc
737 2612 874 2673 tantum
887 2610 1012 2675 tradit:
1032 2610 1112 2692 Cap.
1125 2611 1269 2676 XLVHl

216 2737 420 2816 ,,(ε’κυρώθη)
454 2744 600 2815 Καίσαρι
633 2742 694 2814 τὴν
726 2739 821 2813 ἐντὸς
848 2740 996 2799 ’Ἄλπεων
1020 2747 1076 2800 καὶ
1095 2744 1155 2815 τὴν
1175 2740 1270 2814 ἐκτὸς

215 2870 307 2944 ἔχειν
324 2876 494 2932 Γαλατίαν
509 2879 567 2932 καὶ
582 2872 767 2949 Ἰλλυριοὺς
785 2876 832 2947 εἰς
848 2880 1047 2934 πενταετίαν
1056 2881 1112 2934 καὶ
1121 2876 1268 2951 τέσσαρα

220 3009 375 3081 τάγματα
392 3011 506 3068 τέλεια
524 3016 768 3085 στρατιωτῶν.”

257 3579 290 3642 (ᾗ)
362 3581 411 3652 Ep.
430 3581 463 3634 ad
483 3582 538 3637 nrt.
558 3581 627 3637 vlll.
646 3581 670 3633 3.
690 3580 716 3636 3.

307 3694 341 3749 cs.
380 3712 393 3745 r)
435 3713 447 3745 n
505 3714 518 3746 1)
557 3694 707 3752 [illut.

235 3806 295 3880 .(†)
313 3808 362 3878 Ep.
391 3809 424 3862 ad
453 3809 508 3863 Au.
527 3809 560 3866 X.
579 3809 605 3864 4.
624 3808 658 3861 3:
680 3809 719 3862 »is
738 3791 913 3880 (Pompeius),
932 3809 976 3880 qui
996 3827 1044 3864 nos
1063 3811 1112 3864 sibi
1132 3812 1266 3882 quondam

217 3921 251 3975 ad
279 3922 361 3992 pedes
389 3927 487 3976 stratos
513 3939 547 3976 ne
576 3922 724 3976 sublevavit
742 3922 859 3992 quidem,
878 3922 923 3992 qui
942 3939 971 3975 se
990 3923 1057 3976 nihil
1075 3928 1168 3978 eontra
1185 3925 1267 3978 huius

216 4039 366 4110 (Caesaris)
386 4043 551 4096 voluntatem
570 4041 672 4096 dicebat
693 4042 781 4096 Iacere
800 4041 903 4112 posse.”

252 4159 288 4232 l§)
306 4161 353 4231 Ep.
380 4160 414 4214 ad
442 4163 497 4215 Α11.
526 4160 596 4217 VIII.
625 4160 651 4217 3.
679 4161 702 4215 3.
735 4161 797 4214 »ille
823 4160 991 4231 (Pelopeius)
1008 4161 1110 4216 Galliae
1131 4163 1265 4217 ulterioris

217 4271 382 4326 adiunctor.'¹
407 4273 440 4330 cf.
459 4272 512 4326 Cic.
532 4273 565 4326 de
585 4290 657 4343 pror.
678 4288 748 4327 cons.
768 4272 811 4329 45.
830 4271 873 4326 36.
