2970 5032
738 238 800 302 102

239 434 295 487 καὶ
321 427 341 502 ἡ
372 433 563 506 πολιορκία,
587 436 644 489 καὶ
660 428 681 504 ἡ
698 432 768 505 νὺξ,
786 432 845 489 ὅτε
863 427 1012 505 ἔφευγεν,
1030 426 1260 495 cracova-nar
1279 425 1301 503 ἡ

240 540 358 613 σιωπή.

285 657 350 722 Pro
369 663 390 739 ἡ
408 633 514 740 σιιυπὴ
533 658 606 739 lege
629 664 822 742 ἡΣινόρηξ.

723 939 817 1005 XIV.

286 1178 348 1244 Dio
371 1180 464 1246 Cass.
488 1181 525 1245 L.
553 1183 614 1248 13:
638 1186 734 1262 ἔδοξε
751 1188 781 1249 δ’
799 1177 861 1249 οὖν
878 1189 924 1264 ὠς
932 1196 989 1250 καὶ
998 1192 1216 1265 κατεγνωκὼς
1225 1196 1301 1250 τῶν

243 1308 449 1384 πραγμάτων
464 1307 539 1385 παρ’
560 1299 610 1382 οἷς
627 1296 668 1384 ἦν
685 1309 964 1384 ηὐτομοληκέναι.

289 1427 354 1492 Pro
377 1439 593 1509 κατεγνωκὼς
609 1429 683 1511 lege
710 1410 945 1512 άπεγνωκώς..

728 1703 807 1771 XV.

290 1975 418 2041 Athen.
442 1976 601 2058 Deipncs.
629 1995 705 2060 pag.
735 1980 809 2044 237.
831 1996 859 2043 e.
885 1977 1055 2054 (Timcclis
1066 1978 1302 2059 fragmentum

251 2122 302 2170 vs
327 2108 348 2170 6
372 2110 434 2188 sq.)
453 2128 461 2173 :

385 2214 474 2291 ἐρᾷς,
499 2219 705 2293 συνεραστὴς
731 2214 984 2293 ἀπροφάσιστος
1008 2222 1164 2291 γίγνεται.

382 2332 539 2419 πράττεις
556 2354 600 2400 τι,
617 2335 735 2410 πράξει
753 2337 937 2412 συμπαρών
955 2334 976 2394 ὅ
992 2355 1026 2393 τι
1044 2334 1087 2393 άν
1103 2330 1187 2409 δέῃ,1

295 2454 360 2518 ΡΙὈ
380 2462 498 2559 πράξει
515 2452 589 2535 lege
610 2464 760 2538 πράττει.

731 2719 825 2785 XVI.

297 2971 362 3036 Cic.
397 2989 458 3052 pre
493 2970 647 3036 Cluentio
678 2973 731 3036 32.
756 2973 820 3037 87:
844 2971 900 3036 An
923 2972 953 3037 is
976 2972 1303 3054 praevaricaretur?

252 3120 334 3168 ιιιιιιι
367 3102 401 3166 id
425 3120 558 3184 quoque
581 3101 624 3166 ad
648 3103 934 3184 corrumpendum
957 3102 1119 3167 iudicium
1142 3101 1303 3184 pertinet.

252 3236 318 3302 Sed
341 3235 421 3317 quid
445 3254 531 3317 opus
554 3239 629 3300 erac
651 3235 694 3299 ad
717 3253 793 3300 earu
815 3252 888 3299 rem
911 3234 1021 3317 iudice
1045 3234 1253 3315 sequestre?

298 3369 383 3433 Cum
407 3368 578 3433 codicibus
600 3367 715 3449 legas:
739 3367 817 3432 iam.

726 3625 837 3691 XVII.

301 3873 366 3939 Cic.
391 3891 452 3954 prc
476 3873 511 3939 C.
536 3872 684 3937 Rabirio.
710 3872 739 3935 ὁ.
756 3871 796 3934 15
810 3890 817 3935 :
831 3868 897 3933 Sed
909 3871 1099 3934 moreretur
1111 3866 1206 3948 prius
1217 3881 1306 3930 acer·

256 4012 397 4079 bissima
420 4015 530 4078 morie
552 4011 663 4076 milies
687 4009 721 4074 C.
747 4007 932 4087 Gracchus,
958 4023 1061 4089 quam
1083 4004 1119 4069 in
1136 4002 1209 4068 eius
1232 4019 1306 4067 con·

255 4156 349 4221 tione
383 4154 534 4219 carnifex
562 4153 785 4219 consisteret:
811 4168 912 4234 quem
936 4168 1004 4215 non
1026 4146 1127 4212 modo
1151 4146 1223 4211 foro
1247 4143 1307 4210 sed
