2970 5032
724 355 767 418 63

215 555 379 635 gissent.''
416 559 451 620 et
489 555 709 639 „Pompeium
744 555 946 620 restituendi
984 557 1036 621 sui
1073 574 1176 638 uuam
1198 557 1272 622 reti-

216 692 318 756 nendi
351 691 589 758 studiosiorem
611 692 799 769 fuisse.’'(*)
817 692 872 757 Ad
896 692 1031 758 irritum
1055 693 1182 758 cadunt
1205 711 1271 759 orn·

216 828 273 893 nia
304 828 490 910 promissa3
526 828 678 910 Pompeii
713 829 813 911 enirn,
846 833 1030 911 postquam
1051 829 1200 896 Caesari
1235 848 1271 895 se

215 965 384 1048 adiunxit,
416 966 497 1031 talis
532 966 680 1032 conditio
713 970 798 1049 erat,
827 970 866 1031 ut
894 984 1013 1032 omnes
1040 967 1075 1031 in
1097 967 1270 1048 republica

215 1103 419 1168 dissidentes
437 1102 592 1169 inimicos
614 1104 740 1168 habere
761 1107 938 1184 cogeretur
950 1107 1003 1180 (†).

259 1240 371 1305 Etiam
406 1240 514 1305 Vettii
545 1240 706 1305 indicium
742 1241 842 1306 huius
878 1242 927 1307 rei
954 1242 1197 1308 documentum
1217 1249 1270 1309 est

214 1377 316 1453 (Plut.
340 1378 421 1443 Luo.
446 1377 525 1459 Cap.
547 1377 653 1460 XLII,
681 1377 746 1443 Cio.
771 1378 831 1460 Ep.
856 1378 899 1443 ad
927 1379 1002 1445 Au.
1021 1380 1063 1445 Π.
1077 1381 1153 1463 24.),
1164 1399 1268 1462 quum

94 1498 97 1502 ⁴
214 1513 288 1579 ideo
324 1531 345 1578 a
380 1514 526 1579 Caesare
565 1513 750 1578 conflatum
788 1517 890 1595 esset,
915 1518 955 1578 ut
978 1516 1020 1580 ab
1045 1516 1269 1597 optimatibus

215 1652 416 1732 Pompeium
455 1668 595 1732 prorsus
626 1649 846 1716 abalienaret.
880 1651 957 1716 Non
983 1648 1037 1737 „ol
1055 1656 1268 1723 Πομπηιανοὶ

215 1787 316 1863 (Plut.
353 1786 374 1851 l.
407 1787 441 1861 l.)
477 1787 536 1851 sed
570 1786 695 1851 Caesar
715 1805 775 1869 per
803 1787 982 1853 Vatinium
1005 1787 1101 1854 illum
1123 1789 1266 1855 indicem

215 1922 428 1989 subornavit.
453 1922 506 1999 (ei.
529 1923 595 1987 Cio.
619 1923 653 1986 ln
677 1923 795 1989 Vatin.
822 1925 872 1989 10.
898 1925 962 1998 24).

259 2059 353 2123 Idem
394 2060 554 2125 Vatinius
591 2060 700 2140 legem
743 2060 823 2126 tulit
858 2061 898 2125 de
934 2061 1075 2144 imperio
1100 2064 1265 2148 Caesaris,

216 2197 331 2277 itaque
371 2197 564 2282 „eripuerat
586 2197 721 2262 senatui
741 2199 936 2279 provinciae
959 2199 1190 2266 decernendae
1214 2220 1267 2284 po·

214 2335 401 2399 testatem’'
427 2334 496 2411 (Cio
519 2334 554 2398 in
577 2335 693 2400 Vatin.
722 2338 770 2401 15.
795 2338 859 2410 26).
884 2336 1068 2419 Pompeius
1092 2339 1213 2404 deinde
1233 2340 1265 2404 in

213 2475 337 2536 senatu
372 2471 405 2535 id
435 2471 514 2553 egit,
547 2476 587 2536 ut
615 2471 726 2536 Gallia
748 2473 891 2539 ulterior
915 2474 964 2538 illi
984 2476 1125 2557 irnperio
1153 2477 1266 2543 adiun-

215 2614 351 2690 geretur
364 2614 414 2687 (5).
440 2610 646 2675 Plutarchus
655 2611 719 2676 hoo
735 2615 872 2677 tanturn
884 2614 1010 2680 tradit:
1028 2615 1109 2697 Cap.
1122 2617 1267 2682 XLVIII

214 2740 417 2818 ,,(ε’κυρώθη)
451 2747 597 2819 Καίσαρι
630 2745 691 2817 τὴν
723 2741 818 2817 ἐντὸς
845 2744 992 2805 ’Ἄλπεων
1017 2752 1074 2804 καὶ
1091 2749 1152 2820 τὴν
1171 2745 1267 2821 ἐκτὸς

213 2873 305 2947 ἔχειν
322 2878 491 2934 Γαλατίαν
507 2881 564 2933 καὶ
579 2875 764 2953 Ἰλλυριοὺς
782 2879 829 2950 εἰς
845 2884 1044 2938 πενταετίαν
1053 2885 1109 2938 καὶ
1118 2881 1265 2955 τέσσαρα

217 3011 372 3082 τάγματα
389 3013 502 3070 τέλεια
521 3019 765 3086 στρατιωτῶν.“’

253 3582 287 3644 l‘)
358 3583 407 3654 Ep.
427 3583 460 3636 ad
479 3584 534 3640 Au.
554 3584 623 3641 VIII.
642 3584 666 3636 3.
687 3583 712 3639 3.

304 3695 337 3751 os.
377 3713 390 3747 n
430 3714 443 3748 n
502 3716 514 3749 n
552 3696 598 3754 IX.
616 3697 660 3755 lu,
679 3698 704 3750 2.

231 3809 292 3882 .(†)
310 3810 358 3880 Ep.
387 3810 421 3864 ad
449 3811 504 3865 Au.
523 3811 556 3868 X.
576 3811 602 3867 4.
621 3811 654 3864 3:
677 3811 715 3865 »is
734 3794 909 3884 (Pelopeius),
928 3814 973 3884 qui
992 3831 1041 3868 nos
1059 3816 1108 3869 sibi
1128 3817 1262 3886 quondam

214 3923 247 3977 ad
275 3924 357 3994 pedes
386 3929 483 3978 stratos
509 3941 543 3978 ne
572 3925 719 3979 sublevavit
738 3925 856 3996 quidem,
874 3926 919 3996 qui
938 3943 967 3980 se
986 3927 1053 3980 nihil
1071 3934 1163 3982 contra
1181 3930 1262 3983 huius

212 4042 362 4112 (Caesaris)
382 4044 548 4097 voluntatem
566 4044 668 4098 dicebat
689 4044 777 4099 fatere
796 4045 899 4115 posse.’'

249 4161 284 4234 (ᾗ)
302 4162 348 4233 Ep.
376 4163 410 4216 ad
438 4164 493 4217 Ab.
522 4162 593 4219 Vlll.
621 4163 659 4219 3‚,
675 4164 698 4218 3.
731 4164 793 4217 »ille
819 4163 986 4235 (Pompeius)
1004 4165 1106 4220 Galliae
1126 4169 1261 4222 ulterioris

214 4274 378 4329 adiunctor.”
403 4274 436 4332 os.
454 4274 507 4328 Cio.
527 4275 561 4328 de
580 4291 653 4346 pror.
673 4292 744 4330 cons.
764 4275 807 4332 15.
826 4274 869 4331 36.
