2970 5032
780 335 800 398 4

260 529 327 594 Res
361 528 515 610 privatas
548 530 676 598 maiore
710 532 823 600 studio
851 535 992 618 exponit
1015 552 1118 618 quam
1143 535 1308 618 publicae,

260 664 312 741 (cf.
336 664 418 730 Vita
429 664 617 732 Alexandri
630 685 703 750 cap.
720 667 737 732 I
748 665 790 725 οὐ
798 669 862 744 γὰρ
872 666 1022 744 ἱστορίας
1029 669 1208 744 γράφομεν
1216 664 1307 726 ἀλλὰ

258 801 362 882 βίους)
396 802 500 885 igitur
535 821 603 871 non
625 805 751 871 mirum
774 807 829 870 est
851 820 930 869 eum
953 803 995 869 de
1018 803 1171 886 Pompeii
1194 803 1310 870 iuven·

256 945 333 1008 tute
355 941 453 1024 plura
476 958 567 1008 nova
589 940 720 1024 afferre,
745 958 848 1022 quam
872 940 913 1006 de
925 939 983 1005 illa
995 943 1093 1022 parte
1105 940 1199 1007 vitae
1212 941 1308 1006 Pom·

256 1079 333 1163 peii,
356 1095 453 1163 quae,
477 1078 542 1144 nisi
566 1095 610 1144 ex
632 1077 826 1159 aequalium
844 1077 988 1144 historia
999 1075 1200 1160 illustretm,
1213 1075 1307 1142 intel-

256 1215 312 1297 ligi
335 1233 404 1282 non
427 1219 551 1297 potest.
599 1215 658 1280 Sin
682 1179 801 1281 autem
821 1213 1006 1298 quaeritur,
1020 1213 1306 1295 quibusfontibus

254 1352 460 1419 Plutarchus
497 1352 533 1417 in
555 1352 620 1418 hac
643 1352 753 1434 prima
776 1354 874 1432 parte
897 1369 981 1417 usus
1004 1351 1061 1434 sit,
1085 1355 1167 1416 ante
1191 1352 1304 1417 omnia

255 1489 342 1557 ratio
365 1489 523 1555 habenda
546 1492 600 1556 cst
622 1489 757 1556 illorum
775 1489 936 1572 locorum,
950 1488 1073 1569 quibus
1085 1489 1166 1555 novi
1178 1488 1304 1570 aliquid

253 1627 457 1693 continetur.

296 1762 338 1830 H.
364 1764 464 1830 Peter
487 1763 552 1840 (die
576 1761 715 1844 Quellen
737 1761 918 1828 Plutarcho
941 1761 976 1827 in
996 1762 1302 1844 donBiographien

251 1901 310 1968 der
343 1902 479 1976 Romen)
514 1899 689 1968 contendit
722 1904 810 1981 (pag.
846 1900 920 1975 112)
944 1899 1166 1965 Plutarchum
1190 1900 1224 1965 in
1248 1901 1302 1966 his

251 2038 418 2120 capitibus
440 2038 514 2104 sine
536 2037 606 2104 ulla
629 2037 829 2118 exceptione
852 2037 995 2103 alicuius
1019 2037 1213 2104 Caesariani
1226 2055 1300 2104 auc·

250 2175 426 2240 toritatem
449 2177 606 2241 secutum
628 2190 713 2240 esse.

293 2278 653 2394 Argumentaquibus
676 2311 761 2376 hacc
784 2311 896 2393 opinio
920 2311 1041 2376 nititur
1064 2329 1185 2394 parum
1199 2312 1297 2379 firma

249 2448 331 2513 mihi
363 2448 532 2514 videntur.
577 2447 666 2512 Nam
697 2465 775 2512 curn
804 2447 846 2512 iis
877 2446 970 2531 locis,
995 2447 1117 2530 quibus
1141 2449 1183 2514 de
1206 2450 1298 2516 lama

248 2582 399 2666 Pompeii
429 2582 554 2664 aliquid
580 2582 781 2665 detrahitur,
805 2583 1028 2664 componendi
1050 2590 1133 2650 sunt
1154 2584 1214 2669 illi,
1237 2584 1295 2652 ubi

248 2720 370 2787 eximie
393 2724 429 2787 et
451 2723 587 2802 praeter
613 2719 753 2786 modum
776 2719 945 2787 laudatur.
993 2720 1094 2786 Peter
1118 2722 1159 2788 de
1182 2723 1293 2804 priore

247 2874 369 2939 genere
392 2856 512 2923 affert:
537 2874 610 2939 cap.
624 2855 640 2920 Ι
655 2856 838 2923 avaritiam
850 2857 1003 2940 Pompeii
1015 2858 1205 2944 Strabonis,
1219 2878 1290 2942 cap.

246 2995 277 3059 ΙΙ
311 2994 463 3076 Pompeii
497 2992 753 3070 similitudinem
783 3010 861 3059 cum
892 2994 1089 3063 Alexandro
1113 2997 1235 3080 Magno
1259 3003 1295 3065 et

245 3131 519 3202 γυναικομανίαν,
542 3147 615 3213 cap.
639 3130 675 3196 X
698 3129 770 3196 eius
793 3130 1031 3199 crudelitatem
1054 3134 1089 3198 in
1102 3133 1292 3201 Carbonem

246 3269 280 3329 et
304 3264 489 3332 Valerium.
514 3267 563 3332 At
585 3267 658 3349 ipse
677 3266 886 3334 >Plutarchus
908 3270 1024 3351 tradit,
1047 3271 1122 3352 quis
1135 3272 1294 3340 infamiae

246 3400 424 3468 Strabonis
447 3408 566 3470 auctor
587 3400 700 3470 fuerit.
724 3404 816 3487 (Cap.
829 3404 1020 3473 XXXVII:
1037 3411 1217 3480 Πομπηίου
1234 3409 1295 3467 τὸν

244 3530 372 3606 πατέρα
396 3533 616 3609 παμπόνηρον
636 3496 809 3606 &abaciaco
825 3531 845 3592 ὀ
859 3531 1043 3608 Ῥουτίλιος
1060 3533 1098 3596 ἐν
1114 3543 1188 3609 ταῖς
1206 3536 1294 3595 ἱστο-

245 3654 344 3729 elate)
367 3655 519 3721 Eundem
544 3657 657 3723 Cicero
681 3661 784 3724 vocat
806 3662 878 3740 (pro
903 3658 1001 3726 Corn.
1024 3659 1150 3727 Ascon.
1161 3678 1237 3743 pag.
1252 3663 1294 3726 79

246 3791 357 3868 Orell.)
377 3793 569 3878 „hominem
581 3794 633 3861 dis
644 3812 685 3860 ac
696 3794 867 3861 nobilitati
878 3793 1122 3883 perinvisum'',
1135 3801 1240 3865 etiarn
1252 3803 1294 3878 (ᾖ)

280 4132 317 4207 (5)
335 4133 404 4189 Vell.
423 4134 480 4190 Pal.
498 4134 523 4189 2.
543 4135 586 4191 ei.
604 4136 630 4192 4.
650 4138 781 4208 npopulus
795 4137 934 4194 Romanus
950 4156 1033 4210 quarn
1050 4140 1111 4196 vivo
1124 4141 1291 4197 iracundiam

243 4253 373 4309 debuerat
398 4254 425 4309 in
444 4270 541 4326 corpus
559 4255 659 4311 mortui
678 4257 816 4312 contulit.’'
843 4257 943 4313 Eodem
963 4260 1050 4331 capite
1070 4260 1188 4315 Velleius
1212 4263 1293 4318 tradit
