<?xml version="1.0" encoding="UTF-8"?>
<!DOCTYPE html PUBLIC "-//W3C//DTD XHTML 1.0 Transitional//EN"
    "http://www.w3.org/TR/xhtml1/DTD/xhtml1-transitional.dtd">
<html xmlns="http://www.w3.org/1999/xhtml" xml:lang="en" lang="en">
 <head>
  <title>
</title>
<meta http-equiv="Content-Type" content="text/html;charset=utf-8" />
  <meta name='ocr-system' content='tesseract 3.04.00' />
  <meta name='ocr-capabilities' content='ocr_page ocr_carea ocr_par ocr_line ocrx_word'/>
</head>
<body>
  <div class='ocr_page' id='page_1' title='image "./plutarchivitapo00bruigoog_0093.png"; bbox 0 0 2970 5032; ppageno 0'>
   <div class='ocr_carea' id='block_1_1' title="bbox 734 261 775 324">
    <p class='ocr_par' dir='ltr' id='par_1_1' title="bbox 734 261 775 324">
     <span class='ocr_line' id='line_1_1' title="bbox 734 261 775 324; baseline 0.024 -1"><span class='ocrx_word' id='word_1_1' title='bbox 734 261 775 324; x_wconf 83' lang='lat'>70</span> 
     </span>
    </p>
   </div>
   <div class='ocr_carea' id='block_1_2' title="bbox 213 456 1335 3965">
    <p class='ocr_par' dir='ltr' id='par_1_2' title="bbox 213 456 1269 1910">
     <span class='ocr_line' id='line_1_2' title="bbox 213 456 1265 545; baseline -0.009 -16"><span class='ocrx_word' id='word_1_2' title='bbox 213 464 346 545; x_wconf 89' lang='lat' dir='ltr'>aliaque</span> <span class='ocrx_word' id='word_1_3' title='bbox 370 461 477 544; x_wconf 89' lang='lat' dir='ltr'>spolia</span> <span class='ocrx_word' id='word_1_4' title='bbox 501 461 645 525; x_wconf 83' lang='lat' dir='ltr'><strong>Romam</strong></span> <span class='ocrx_word' id='word_1_5' title='bbox 669 457 777 523; x_wconf 91' lang='lat' dir='ltr'>mittit</span> <span class='ocrx_word' id='word_1_6' title='bbox 800 461 835 522; x_wconf 92' lang='lat' dir='ltr'>et</span> <span class='ocrx_word' id='word_1_7' title='bbox 857 456 1030 538; x_wconf 81' lang='lat' dir='ltr'>largiendo</span> <span class='ocrx_word' id='word_1_8' title='bbox 1055 456 1181 522; x_wconf 86' lang='lat' dir='ltr'>multos</span> <span class='ocrx_word' id='word_1_9' title='bbox 1198 456 1265 522; x_wconf 92' lang='lat' dir='ltr'>sibi</span> 
     </span>
     <span class='ocr_line' id='line_1_3' title="bbox 214 592 1266 679; baseline -0.01 -12"><span class='ocrx_word' id='word_1_10' title='bbox 214 600 379 668; x_wconf 83' lang='lat' dir='ltr'>conciliat.</span> <span class='ocrx_word' id='word_1_11' title='bbox 427 598 499 679; x_wconf 79' lang='lat' dir='ltr'>Quo</span> <span class='ocrx_word' id='word_1_12' title='bbox 534 596 750 677; x_wconf 86' lang='lat' dir='ltr'>factumest,</span> <span class='ocrx_word' id='word_1_13' title='bbox 782 597 822 659; x_wconf 85' lang='lat' dir='ltr'>ut</span> <span class='ocrx_word' id='word_1_14' title='bbox 846 610 923 659; x_wconf 91' lang='lat' dir='ltr'>eum</span> <span class='ocrx_word' id='word_1_15' title='bbox 946 592 1053 674; x_wconf 81' lang='lat' dir='ltr'><strong>Alpes</strong></span> <span class='ocrx_word' id='word_1_16' title='bbox 1076 596 1266 674; x_wconf 84' lang='lat' dir='ltr'>transgres-</span> 
     </span>
     <span class='ocr_line' id='line_1_4' title="bbox 213 729 1269 812; baseline -0.01 -8"><span class='ocrx_word' id='word_1_17' title='bbox 213 755 290 804; x_wconf 89' lang='lat' dir='ltr'>sum</span> <span class='ocrx_word' id='word_1_18' title='bbox 314 741 349 802; x_wconf 93' lang='lat' dir='ltr'>et</span> <span class='ocrx_word' id='word_1_19' title='bbox 372 736 483 800; x_wconf 91' lang='lat' dir='ltr'>Lucae</span> <span class='ocrx_word' id='word_1_20' title='bbox 507 733 717 798; x_wconf 88' lang='lat' dir='ltr'>hiemantem</span> <span class='ocrx_word' id='word_1_21' title='bbox 741 734 877 812; x_wconf 87' lang='lat' dir='ltr'>praeter</span> <span class='ocrx_word' id='word_1_22' title='bbox 901 730 1065 811; x_wconf 86' lang='lat' dir='ltr'>reliquam</span> <span class='ocrx_word' id='word_1_23' title='bbox 1078 729 1269 794; x_wconf 81' lang='lat' dir='ltr'>multitudi-</span> 
     </span>
     <span class='ocr_line' id='line_1_5' title="bbox 213 866 1266 949; baseline -0.009 -10"><span class='ocrx_word' id='word_1_24' title='bbox 213 890 292 939; x_wconf 90' lang='lat' dir='ltr'>nem</span> <span class='ocrx_word' id='word_1_25' title='bbox 316 871 492 938; x_wconf 91' lang='lat' dir='ltr'>hominum</span> <span class='ocrx_word' id='word_1_26' title='bbox 520 868 624 934; x_wconf 85' lang='lat' dir='ltr'>etiam</span> <span class='ocrx_word' id='word_1_27' title='bbox 649 866 700 931; x_wconf 99' lang='lat' dir='ltr'>CC</span> <span class='ocrx_word' id='word_1_28' title='bbox 724 870 901 932; x_wconf 89' lang='lat' dir='ltr'>senatores</span> <span class='ocrx_word' id='word_1_29' title='bbox 924 866 1155 949; x_wconf 75' lang='lat' dir='ltr'>convenerint,</span> <span class='ocrx_word' id='word_1_30' title='bbox 1174 867 1266 931; x_wconf 91' lang='lat' dir='ltr'>inter</span> 
     </span>
     <span class='ocr_line' id='line_1_6' title="bbox 214 1003 1266 1092; baseline -0.009 -16"><span class='ocrx_word' id='word_1_31' title='bbox 214 1029 299 1092; x_wconf 90' lang='lat' dir='ltr'>quos</span> <span class='ocrx_word' id='word_1_32' title='bbox 332 1009 475 1074; x_wconf 84' lang='lat' dir='ltr'>Crassus</span> <span class='ocrx_word' id='word_1_33' title='bbox 511 1009 585 1072; x_wconf 91' lang='lat' dir='ltr'>erat</span> <span class='ocrx_word' id='word_1_34' title='bbox 615 1008 650 1070; x_wconf 91' lang='lat' dir='ltr'>et</span> <span class='ocrx_word' id='word_1_35' title='bbox 680 1003 873 1086; x_wconf 79' lang='lat' dir='ltr'>Pompeius,</span> <span class='ocrx_word' id='word_1_36' title='bbox 897 1020 1006 1084; x_wconf 90' lang='lat' dir='ltr'>neque</span> <span class='ocrx_word' id='word_1_37' title='bbox 1029 1003 1142 1068; x_wconf 89' lang='lat' dir='ltr'>minus</span> <span class='ocrx_word' id='word_1_38' title='bbox 1166 1003 1266 1068; x_wconf 90' lang='lat' dir='ltr'>CXX</span> 
     </span>
     <span class='ocr_line' id='line_1_7' title="bbox 213 1140 1269 1223; baseline -0.007 -12"><span class='ocrx_word' id='word_1_39' title='bbox 213 1147 324 1213; x_wconf 79' lang='lat' dir='ltr'>fasces</span> <span class='ocrx_word' id='word_1_40' title='bbox 347 1145 390 1210; x_wconf 84' lang='lat' dir='ltr'>ad</span> <span class='ocrx_word' id='word_1_41' title='bbox 414 1143 568 1209; x_wconf 80' lang='lat' dir='ltr'>Caesaris</span> <span class='ocrx_word' id='word_1_42' title='bbox 591 1142 681 1207; x_wconf 82' lang='lat' dir='ltr'>fores</span> <span class='ocrx_word' id='word_1_43' title='bbox 705 1141 989 1223; x_wconf 76' lang='lat' dir='ltr'>conspicerentur.</span> <span class='ocrx_word' id='word_1_44' title='bbox 1038 1140 1176 1206; x_wconf 87' lang='lat' dir='ltr'>Ceteros</span> <span class='ocrx_word' id='word_1_45' title='bbox 1200 1158 1269 1206; x_wconf 92' lang='lat' dir='ltr'>om-</span> 
     </span>
     <span class='ocr_line' id='line_1_8' title="bbox 215 1277 1268 1366; baseline -0.006 -18"><span class='ocrx_word' id='word_1_46' title='bbox 215 1303 276 1350; x_wconf 93' lang='lat' dir='ltr'>nes</span> <span class='ocrx_word' id='word_1_47' title='bbox 300 1300 360 1366; x_wconf 91' lang='lat' dir='ltr'>spe</span> <span class='ocrx_word' id='word_1_48' title='bbox 384 1282 573 1363; x_wconf 90' lang='lat' dir='ltr'>opibusque</span> <span class='ocrx_word' id='word_1_49' title='bbox 596 1279 715 1362; x_wconf 86' lang='lat' dir='ltr'>erexit,</span> <span class='ocrx_word' id='word_1_50' title='bbox 741 1296 817 1343; x_wconf 89' lang='lat' dir='ltr'>cum</span> <span class='ocrx_word' id='word_1_51' title='bbox 843 1277 964 1344; x_wconf 89' lang='lat' dir='ltr'>Crasso</span> <span class='ocrx_word' id='word_1_52' title='bbox 988 1281 1105 1343; x_wconf 86' lang='lat' dir='ltr'>autem</span> <span class='ocrx_word' id='word_1_53' title='bbox 1124 1282 1159 1343; x_wconf 91' lang='lat' dir='ltr'>et</span> <span class='ocrx_word' id='word_1_54' title='bbox 1171 1279 1268 1343; x_wconf 91' lang='lat' dir='ltr'>Pom·</span> 
     </span>
     <span class='ocr_line' id='line_1_9' title="bbox 216 1414 1268 1502; baseline -0.005 -17"><span class='ocrx_word' id='word_1_55' title='bbox 216 1422 290 1502; x_wconf 90' lang='lat' dir='ltr'>peio</span> <span class='ocrx_word' id='word_1_56' title='bbox 314 1418 507 1502; x_wconf 89' lang='lat' dir='ltr'>pactionem</span> <span class='ocrx_word' id='word_1_57' title='bbox 531 1416 622 1500; x_wconf 84' lang='lat' dir='ltr'>fecit,</span> <span class='ocrx_word' id='word_1_58' title='bbox 647 1420 687 1481; x_wconf 91' lang='lat' dir='ltr'>ut</span> <span class='ocrx_word' id='word_1_59' title='bbox 710 1416 745 1479; x_wconf 90' lang='lat' dir='ltr'>hi</span> <span class='ocrx_word' id='word_1_60' title='bbox 769 1414 984 1481; x_wconf 88' lang='lat' dir='ltr'>consulatum</span> <span class='ocrx_word' id='word_1_61' title='bbox 996 1419 1162 1497; x_wconf 87' lang='lat' dir='ltr'>peterent.</span> <span class='ocrx_word' id='word_1_62' title='bbox 1189 1415 1268 1480; x_wconf 87' lang='lat' dir='ltr'>Cae-</span> 
     </span>
     <span class='ocr_line' id='line_1_10' title="bbox 217 1553 1265 1635; baseline -0.006 -12"><span class='ocrx_word' id='word_1_63' title='bbox 217 1557 303 1623; x_wconf 90' lang='lat' dir='ltr'>saris</span> <span class='ocrx_word' id='word_1_64' title='bbox 339 1554 464 1621; x_wconf 86' lang='lat' dir='ltr'>auxilio</span> <span class='ocrx_word' id='word_1_65' title='bbox 495 1553 651 1620; x_wconf 86' lang='lat' dir='ltr'>consules</span> <span class='ocrx_word' id='word_1_66' title='bbox 682 1553 786 1618; x_wconf 90' lang='lat' dir='ltr'>creati</span> <span class='ocrx_word' id='word_1_67' title='bbox 811 1553 875 1618; x_wconf 87' lang='lat' dir='ltr'>sibi</span> <span class='ocrx_word' id='word_1_68' title='bbox 898 1553 1091 1635; x_wconf 88' lang='lat' dir='ltr'>provincias</span> <span class='ocrx_word' id='word_1_69' title='bbox 1114 1558 1149 1619; x_wconf 85' lang='lat' dir='ltr'>et</span> <span class='ocrx_word' id='word_1_70' title='bbox 1172 1571 1265 1619; x_wconf 86' lang='lat' dir='ltr'>exer·</span> 
     </span>
     <span class='ocr_line' id='line_1_11' title="bbox 217 1689 1268 1775; baseline -0.003 -17"><span class='ocrx_word' id='word_1_71' title='bbox 217 1694 305 1758; x_wconf 89' lang='lat' dir='ltr'>citus</span> <span class='ocrx_word' id='word_1_72' title='bbox 340 1691 561 1774; x_wconf 84' lang='lat' dir='ltr'>decernenda,</span> <span class='ocrx_word' id='word_1_73' title='bbox 587 1691 616 1755; x_wconf 91' lang='lat' dir='ltr'>ei</span> <span class='ocrx_word' id='word_1_74' title='bbox 640 1690 820 1772; x_wconf 90' lang='lat' dir='ltr'>imperium</span> <span class='ocrx_word' id='word_1_75' title='bbox 843 1689 878 1775; x_wconf 85' lang='lat' dir='ltr'>in</span> <span class='ocrx_word' id='word_1_76' title='bbox 903 1690 1171 1771; x_wconf 85' lang='lat' dir='ltr'>quinquennium</span> <span class='ocrx_word' id='word_1_77' title='bbox 1195 1709 1268 1772; x_wconf 90' lang='lat' dir='ltr'>pro·</span> 
     </span>
     <span class='ocr_line' id='line_1_12' title="bbox 217 1829 660 1910; baseline 0 -18"><span class='ocrx_word' id='word_1_78' title='bbox 217 1829 405 1910; x_wconf 83' lang='lat' dir='ltr'>rogandum</span> <span class='ocrx_word' id='word_1_79' title='bbox 437 1831 605 1893; x_wconf 91' lang='lat' dir='ltr'>curarent.</span> <span class='ocrx_word' id='word_1_80' title='bbox 657 1878 660 1882; x_wconf 84' lang='lat'><em>.</em></span> 
     </span>
    </p>

    <p class='ocr_par' dir='ltr' id='par_1_3' title="bbox 216 1963 1335 3965">
     <span class='ocr_line' id='line_1_13' title="bbox 261 1963 1268 2044; baseline 0.001 -14"><span class='ocrx_word' id='word_1_81' title='bbox 261 1966 356 2030; x_wconf 91' lang='lat' dir='ltr'>Haec</span> <span class='ocrx_word' id='word_1_82' title='bbox 392 1965 461 2030; x_wconf 84' lang='lat' dir='ltr'>fere</span> <span class='ocrx_word' id='word_1_83' title='bbox 497 1967 580 2029; x_wconf 87' lang='lat' dir='ltr'>sunt</span> <span class='ocrx_word' id='word_1_84' title='bbox 603 1980 690 2044; x_wconf 87' lang='lat' dir='ltr'>qnae</span> <span class='ocrx_word' id='word_1_85' title='bbox 714 1963 755 2028; x_wconf 89' lang='lat' dir='ltr'>de</span> <span class='ocrx_word' id='word_1_86' title='bbox 779 1963 835 2028; x_wconf 90' lang='lat' dir='ltr'>illo</span> <span class='ocrx_word' id='word_1_87' title='bbox 866 1967 1037 2029; x_wconf 87' lang='lat' dir='ltr'>conventu</span> <span class='ocrx_word' id='word_1_88' title='bbox 1061 1963 1268 2031; x_wconf 76' lang='lat' dir='ltr'>Plutarchus</span> 
     </span>
     <span class='ocr_line' id='line_1_14' title="bbox 216 2099 1329 2185; baseline -0.002 -16"><span class='ocrx_word' id='word_1_89' title='bbox 216 2103 332 2169; x_wconf 88' lang='lat' dir='ltr'>tradit.</span> <span class='ocrx_word' id='word_1_90' title='bbox 380 2101 506 2166; x_wconf 80' lang='lat' dir='ltr'>Siletur</span> <span class='ocrx_word' id='word_1_91' title='bbox 540 2117 628 2180; x_wconf 89' lang='lat' dir='ltr'>quae</span> <span class='ocrx_word' id='word_1_92' title='bbox 663 2117 768 2164; x_wconf 78' lang='lat' dir='ltr'>conen</span> <span class='ocrx_word' id='word_1_93' title='bbox 801 2099 904 2164; x_wconf 86' lang='grc'>1116111</span> <span class='ocrx_word' id='word_1_94' title='bbox 939 2118 998 2165; x_wconf 91' lang='lat' dir='ltr'>cur</span> <span class='ocrx_word' id='word_1_95' title='bbox 1033 2101 1172 2185; x_wconf 88' lang='lat' dir='ltr'>primus,</span> <span class='ocrx_word' id='word_1_96' title='bbox 1208 2104 1267 2183; x_wconf 91' lang='lat' dir='ltr'>qui</span> <span class='ocrx_word' id='word_1_97' title='bbox 1320 2100 1329 2115; x_wconf 85' lang='grc'><strong>“</strong></span> 
     </span>
     <span class='ocr_line' id='line_1_15' title="bbox 218 2237 1264 2321; baseline 0.002 -18"><span class='ocrx_word' id='word_1_98' title='bbox 218 2240 350 2321; x_wconf 89' lang='lat' dir='ltr'>dicitur,</span> <span class='ocrx_word' id='word_1_99' title='bbox 388 2237 628 2303; x_wconf 88' lang='lat' dir='ltr'>triumviratus</span> <span class='ocrx_word' id='word_1_100' title='bbox 665 2240 740 2300; x_wconf 94' lang='lat' dir='ltr'>tum</span> <span class='ocrx_word' id='word_1_101' title='bbox 775 2241 961 2302; x_wconf 85' lang='lat' dir='ltr'>renovatus</span> <span class='ocrx_word' id='word_1_102' title='bbox 985 2238 1040 2304; x_wconf 90' lang='lat' dir='ltr'>sit.</span> <span class='ocrx_word' id='word_1_103' title='bbox 1087 2239 1162 2304; x_wconf 92' lang='lat' dir='ltr'>Hoc</span> <span class='ocrx_word' id='word_1_104' title='bbox 1190 2239 1264 2305; x_wconf 88' lang='lat' dir='ltr'>loco</span> 
     </span>
     <span class='ocr_line' id='line_1_16' title="bbox 217 2372 1266 2457; baseline 0.001 -18"><span class='ocrx_word' id='word_1_105' title='bbox 217 2375 304 2440; x_wconf 90' lang='lat' dir='ltr'>duae</span> <span class='ocrx_word' id='word_1_106' title='bbox 343 2373 545 2457; x_wconf 86' lang='lat' dir='ltr'>praesertim</span> <span class='ocrx_word' id='word_1_107' title='bbox 583 2389 637 2438; x_wconf 94' lang='lat' dir='ltr'>res</span> <span class='ocrx_word' id='word_1_108' title='bbox 670 2372 810 2437; x_wconf 82' lang='lat' dir='ltr'>maximi</span> <span class='ocrx_word' id='word_1_109' title='bbox 845 2378 927 2439; x_wconf 89' lang='lat' dir='ltr'>sunt</span> <span class='ocrx_word' id='word_1_110' title='bbox 961 2376 1147 2442; x_wconf 85' lang='lat' dir='ltr'>momenti:</span> <span class='ocrx_word' id='word_1_111' title='bbox 1177 2394 1266 2457; x_wconf 91' lang='lat' dir='ltr'>quae</span> 
     </span>
     <span class='ocr_line' id='line_1_17' title="bbox 217 2510 1267 2594; baseline 0.001 -19"><span class='ocrx_word' id='word_1_112' title='bbox 217 2511 369 2594; x_wconf 90' lang='lat' dir='ltr'>Pompeii</span> <span class='ocrx_word' id='word_1_113' title='bbox 403 2510 549 2576; x_wconf 86' lang='lat' dir='ltr'>conditio</span> <span class='ocrx_word' id='word_1_114' title='bbox 580 2510 682 2575; x_wconf 82' lang='lat' dir='ltr'>fuerit</span> <span class='ocrx_word' id='word_1_115' title='bbox 697 2527 726 2574; x_wconf 92' lang='lat' dir='ltr'>a.</span> <span class='ocrx_word' id='word_1_116' title='bbox 753 2512 852 2576; x_wconf 78' lang='grc'>1161</span> <span class='ocrx_word' id='word_1_117' title='bbox 878 2511 973 2577; x_wconf 87' lang='lat' dir='ltr'>initio</span> <span class='ocrx_word' id='word_1_118' title='bbox 998 2513 1078 2576; x_wconf 92' lang='lat' dir='ltr'>anni</span> <span class='ocrx_word' id='word_1_119' title='bbox 1100 2514 1163 2594; x_wconf 82' lang='lat'>56;</span> <span class='ocrx_word' id='word_1_120' title='bbox 1186 2513 1267 2594; x_wconf 83' lang='lat' dir='ltr'>quid</span> 
     </span>
     <span class='ocr_line' id='line_1_18' title="bbox 218 2613 1266 2730; baseline 0 -15"><span class='ocrx_word' id='word_1_121' title='bbox 218 2649 402 2730; x_wconf 84' lang='lat' dir='ltr'>optimates</span> <span class='ocrx_word' id='word_1_122' title='bbox 426 2613 467 2713; x_wconf 83' lang='lat' dir='ltr'>de</span> <span class='ocrx_word' id='word_1_123' title='bbox 488 2648 575 2713; x_wconf 89' lang='lat' dir='ltr'>actis</span> <span class='ocrx_word' id='word_1_124' title='bbox 596 2648 751 2714; x_wconf 82' lang='lat' dir='ltr'>Caesaris</span> <span class='ocrx_word' id='word_1_125' title='bbox 771 2648 835 2713; x_wconf 92' lang='lat' dir='ltr'>sibi</span> <span class='ocrx_word' id='word_1_126' title='bbox 847 2649 1061 2730; x_wconf 89' lang='lat' dir='ltr'>propositum</span> <span class='ocrx_word' id='word_1_127' title='bbox 1073 2650 1266 2716; x_wconf 91' lang='lat' dir='ltr'>habuerint.</span> 
     </span>
     <span class='ocr_line' id='line_1_19' title="bbox 218 2785 1335 2867; baseline 0.002 -17"><span class='ocrx_word' id='word_1_128' title='bbox 218 2786 272 2850; x_wconf 85' lang='lat' dir='ltr'>Ad</span> <span class='ocrx_word' id='word_1_129' title='bbox 296 2785 440 2850; x_wconf 88' lang='lat' dir='ltr'>alteram</span> <span class='ocrx_word' id='word_1_130' title='bbox 453 2801 525 2849; x_wconf 94' lang='lat' dir='ltr'>rem</span> <span class='ocrx_word' id='word_1_131' title='bbox 538 2788 697 2866; x_wconf 88' lang='lat' dir='ltr'>spectant</span> <span class='ocrx_word' id='word_1_132' title='bbox 706 2786 812 2849; x_wconf 89' lang='lat' dir='ltr'>verba</span> <span class='ocrx_word' id='word_1_133' title='bbox 825 2785 995 2851; x_wconf 90' lang='lat' dir='ltr'>Ciceronis</span> <span class='ocrx_word' id='word_1_134' title='bbox 1007 2804 1111 2867; x_wconf 89' lang='lat' dir='ltr'>supra</span> <span class='ocrx_word' id='word_1_135' title='bbox 1123 2787 1263 2852; x_wconf 85' lang='lat' dir='ltr'>laudata</span> <span class='ocrx_word' id='word_1_136' title='bbox 1330 2799 1335 2806; x_wconf 83' lang='lat'>·</span> 
     </span>
     <span class='ocr_line' id='line_1_20' title="bbox 220 2920 1267 3006; baseline 0.002 -20"><span class='ocrx_word' id='word_1_137' title='bbox 220 2923 289 3003; x_wconf 81' lang='lat' dir='ltr'>(Ep.</span> <span class='ocrx_word' id='word_1_138' title='bbox 315 2921 358 2986; x_wconf 84' lang='lat' dir='ltr'>ad</span> <span class='ocrx_word' id='word_1_139' title='bbox 382 2921 418 3002; x_wconf 80' lang='lat' dir='ltr'>Q.</span> <span class='ocrx_word' id='word_1_140' title='bbox 443 2921 482 2986; x_wconf 93' lang='grc'>11.</span> <span class='ocrx_word' id='word_1_141' title='bbox 507 2920 548 2987; x_wconf 91' lang='grc' dir='ltr'>Π.</span> <span class='ocrx_word' id='word_1_142' title='bbox 573 2922 603 2986; x_wconf 84' lang='lat'>4.</span> <span class='ocrx_word' id='word_1_143' title='bbox 629 2923 682 3003; x_wconf 87' lang='lat'>5.),</span> <span class='ocrx_word' id='word_1_144' title='bbox 707 2938 794 3002; x_wconf 89' lang='lat' dir='ltr'>quae</span> <span class='ocrx_word' id='word_1_145' title='bbox 818 2939 860 2987; x_wconf 85' lang='lat' dir='ltr'>ex</span> <span class='ocrx_word' id='word_1_146' title='bbox 884 2922 951 2988; x_wconf 89' lang='lat' dir='ltr'>alia</span> <span class='ocrx_word' id='word_1_147' title='bbox 975 2923 1017 2987; x_wconf 84' lang='lat' dir='ltr'>ad</span> <span class='ocrx_word' id='word_1_148' title='bbox 1042 2924 1267 3006; x_wconf 87' lang='lat' dir='ltr'>eundemepi·</span> 
     </span>
     <span class='ocr_line' id='line_1_21' title="bbox 220 3057 1266 3141; baseline 0.004 -17"><span class='ocrx_word' id='word_1_149' title='bbox 220 3059 309 3124; x_wconf 87' lang='lat' dir='ltr'>stola</span> <span class='ocrx_word' id='word_1_150' title='bbox 344 3058 462 3123; x_wconf 89' lang='lat' dir='ltr'>eodem</span> <span class='ocrx_word' id='word_1_151' title='bbox 496 3057 566 3122; x_wconf 84' lang='lat' dir='ltr'>sere</span> <span class='ocrx_word' id='word_1_152' title='bbox 600 3061 755 3139; x_wconf 88' lang='lat' dir='ltr'>tempore</span> <span class='ocrx_word' id='word_1_153' title='bbox 784 3060 976 3141; x_wconf 88' lang='lat' dir='ltr'>conscripta</span> <span class='ocrx_word' id='word_1_154' title='bbox 1000 3059 1266 3128; x_wconf 89' lang='lat' dir='ltr'>confirmantur:</span> 
     </span>
     <span class='ocr_line' id='line_1_22' title="bbox 220 3194 1267 3277; baseline 0.003 -18"><span class='ocrx_word' id='word_1_155' title='bbox 220 3194 279 3277; x_wconf 82' lang='lat' dir='ltr'>Ep.</span> <span class='ocrx_word' id='word_1_156' title='bbox 304 3194 347 3258; x_wconf 85' lang='lat' dir='ltr'>ad</span> <span class='ocrx_word' id='word_1_157' title='bbox 370 3194 407 3275; x_wconf 73' lang='lat' dir='ltr'>Q.</span> <span class='ocrx_word' id='word_1_158' title='bbox 431 3194 470 3259; x_wconf 88' lang='grc'>11.</span> <span class='ocrx_word' id='word_1_159' title='bbox 495 3194 536 3260; x_wconf 90' lang='grc' dir='ltr'>Π.</span> <span class='ocrx_word' id='word_1_160' title='bbox 562 3195 591 3259; x_wconf 87' lang='grc'>3.</span> <span class='ocrx_word' id='word_1_161' title='bbox 617 3195 646 3259; x_wconf 80' lang='lat'>4.</span> <span class='ocrx_word' id='word_1_162' title='bbox 672 3199 747 3270; x_wconf 79' lang='lat' dir='ltr'>(scr.</span> <span class='ocrx_word' id='word_1_163' title='bbox 770 3195 899 3261; x_wconf 83' lang='lat' dir='ltr'>Romae</span> <span class='ocrx_word' id='word_1_164' title='bbox 922 3213 1039 3262; x_wconf 91' lang='lat' dir='ltr'>mense</span> <span class='ocrx_word' id='word_1_165' title='bbox 1055 3197 1152 3264; x_wconf 88' lang='lat' dir='ltr'>Febr.</span> <span class='ocrx_word' id='word_1_166' title='bbox 1166 3217 1195 3264; x_wconf 90' lang='lat' dir='ltr'>a..</span> <span class='ocrx_word' id='word_1_167' title='bbox 1212 3200 1267 3273; x_wconf 80' lang='lat'>56)</span> 
     </span>
     <span class='ocr_line' id='line_1_23' title="bbox 223 3331 1268 3429; baseline 0.004 -32"><span class='ocrx_word' id='word_1_168' title='bbox 223 3350 323 3419; x_wconf 85' lang='lat' dir='ltr'>„nam</span> <span class='ocrx_word' id='word_1_169' title='bbox 347 3331 529 3413; x_wconf 87' lang='lat' dir='ltr'>Pompeius</span> <span class='ocrx_word' id='word_1_170' title='bbox 556 3332 640 3397; x_wconf 88' lang='lat' dir='ltr'>haec</span> <span class='ocrx_word' id='word_1_171' title='bbox 663 3332 832 3416; x_wconf 78' lang='lat' dir='ltr'>intelligit,</span> <span class='ocrx_word' id='word_1_172' title='bbox 856 3334 1100 3429; x_wconf 83' lang='lat' dir='ltr'>nobiscumque</span> <span class='ocrx_word' id='word_1_173' title='bbox 1124 3354 1268 3401; x_wconf 90' lang='lat' dir='ltr'>commu·</span> 
     </span>
     <span class='ocr_line' id='line_1_24' title="bbox 220 3469 1270 3556; baseline 0.005 -22"><span class='ocrx_word' id='word_1_174' title='bbox 220 3471 333 3536; x_wconf 81' lang='lat' dir='ltr'>nicet.</span> <span class='ocrx_word' id='word_1_175' title='bbox 349 3519 355 3535; x_wconf 92' lang='lat'><strong>.</strong></span> <span class='ocrx_word' id='word_1_176' title='bbox 371 3518 396 3535; x_wconf 91' lang='lat'>..</span> <span class='ocrx_word' id='word_1_177' title='bbox 425 3469 646 3534; x_wconf 89' lang='lat' dir='ltr'>vehementer</span> <span class='ocrx_word' id='word_1_178' title='bbox 670 3486 744 3535; x_wconf 89' lang='lat' dir='ltr'>esse</span> <span class='ocrx_word' id='word_1_179' title='bbox 768 3471 1014 3552; x_wconf 83' lang='lat' dir='ltr'>providendum</span> <span class='ocrx_word' id='word_1_180' title='bbox 1037 3490 1080 3536; x_wconf 92' lang='grc'>116</span> <span class='ocrx_word' id='word_1_181' title='bbox 1104 3475 1270 3556; x_wconf 90' lang='lat' dir='ltr'>opprima-</span> 
     </span>
     <span class='ocr_line' id='line_1_25' title="bbox 220 3606 1269 3693; baseline 0.005 -21"><span class='ocrx_word' id='word_1_182' title='bbox 220 3609 277 3672; x_wconf 90' lang='lat' dir='ltr'>tur</span> <span class='ocrx_word' id='word_1_183' title='bbox 301 3606 510 3672; x_wconf 91' lang='lat' dir='ltr'>contionario</span> <span class='ocrx_word' id='word_1_184' title='bbox 534 3606 591 3671; x_wconf 84' lang='lat' dir='ltr'>ilio</span> <span class='ocrx_word' id='word_1_185' title='bbox 615 3607 750 3690; x_wconf 81' lang='lat' dir='ltr'>popule,</span> <span class='ocrx_word' id='word_1_186' title='bbox 774 3625 795 3671; x_wconf 89' lang='lat' dir='ltr'>a</span> <span class='ocrx_word' id='word_1_187' title='bbox 818 3624 855 3673; x_wconf 89' lang='lat' dir='ltr'>se</span> <span class='ocrx_word' id='word_1_188' title='bbox 878 3625 983 3690; x_wconf 86' lang='lat' dir='ltr'>prope</span> <span class='ocrx_word' id='word_1_189' title='bbox 1006 3609 1166 3693; x_wconf 81' lang='lat' dir='ltr'>alienato,</span> <span class='ocrx_word' id='word_1_190' title='bbox 1179 3613 1269 3677; x_wconf 91' lang='lat' dir='ltr'>nobi·</span> 
     </span>
     <span class='ocr_line' id='line_1_26' title="bbox 221 3743 1269 3830; baseline 0.006 -23"><span class='ocrx_word' id='word_1_191' title='bbox 221 3743 318 3808; x_wconf 88' lang='lat' dir='ltr'>litate</span> <span class='ocrx_word' id='word_1_192' title='bbox 341 3743 487 3824; x_wconf 83' lang='lat' dir='ltr'>inimica,</span> <span class='ocrx_word' id='word_1_193' title='bbox 512 3760 580 3808; x_wconf 92' lang='lat' dir='ltr'>non</span> <span class='ocrx_word' id='word_1_194' title='bbox 604 3760 712 3824; x_wconf 88' lang='lat' dir='ltr'>aequo</span> <span class='ocrx_word' id='word_1_195' title='bbox 736 3748 869 3828; x_wconf 84' lang='lat' dir='ltr'>senatu,</span> <span class='ocrx_word' id='word_1_196' title='bbox 893 3744 1269 3830; x_wconf 85' lang='lat' dir='ltr'>iuventuteimproba.”</span> 
     </span>
     <span class='ocr_line' id='line_1_27' title="bbox 221 3880 1269 3965; baseline 0.007 -22"><span class='ocrx_word' id='word_1_197' title='bbox 221 3880 348 3945; x_wconf 90' lang='lat' dir='ltr'>Lucam</span> <span class='ocrx_word' id='word_1_198' title='bbox 379 3880 483 3961; x_wconf 85' lang='lat' dir='ltr'>igitur</span> <span class='ocrx_word' id='word_1_199' title='bbox 517 3897 554 3945; x_wconf 92' lang='lat' dir='ltr'>se</span> <span class='ocrx_word' id='word_1_200' title='bbox 578 3881 732 3964; x_wconf 85' lang='lat' dir='ltr'>contulit,</span> <span class='ocrx_word' id='word_1_201' title='bbox 756 3897 799 3946; x_wconf 91' lang='lat' dir='ltr'>ne</span> <span class='ocrx_word' id='word_1_202' title='bbox 822 3881 1090 3965; x_wconf 90' lang='lat' dir='ltr'>opprimeretur;</span> <span class='ocrx_word' id='word_1_203' title='bbox 1116 3902 1154 3950; x_wconf 94' lang='lat' dir='ltr'>eo</span> <span class='ocrx_word' id='word_1_204' title='bbox 1179 3886 1269 3951; x_wconf 91' lang='lat' dir='ltr'>enim</span> 
     </span>
    </p>
   </div>
   <div class='ocr_carea' id='block_1_3' title="bbox 221 4016 1268 4103">
    <p class='ocr_par' dir='ltr' id='par_1_4' title="bbox 221 4016 1268 4103">
     <span class='ocr_line' id='line_1_28' title="bbox 221 4016 1268 4103; baseline 0.005 -22"><span class='ocrx_word' id='word_1_205' title='bbox 221 4018 380 4083; x_wconf 84' lang='lat' dir='ltr'>redactus</span> <span class='ocrx_word' id='word_1_206' title='bbox 403 4020 487 4100; x_wconf 87' lang='lat' dir='ltr'>erat,</span> <span class='ocrx_word' id='word_1_207' title='bbox 512 4021 551 4082; x_wconf 90' lang='lat' dir='ltr'>ut</span> <span class='ocrx_word' id='word_1_208' title='bbox 575 4016 730 4083; x_wconf 81' lang='lat' dir='ltr'>Caesaris</span> <span class='ocrx_word' id='word_1_209' title='bbox 753 4021 890 4083; x_wconf 86' lang='lat' dir='ltr'>tantum</span> <span class='ocrx_word' id='word_1_210' title='bbox 903 4019 1029 4085; x_wconf 81' lang='lat' dir='ltr'>auxilio</span> <span class='ocrx_word' id='word_1_211' title='bbox 1041 4020 1075 4084; x_wconf 91' lang='lat' dir='ltr'>in</span> <span class='ocrx_word' id='word_1_212' title='bbox 1088 4022 1268 4103; x_wconf 88' lang='lat' dir='ltr'>pristinam</span> 
     </span>
    </p>
   </div>
   <div class='ocr_carea' id='block_1_4' title="bbox 223 4153 732 4236">
    <p class='ocr_par' dir='ltr' id='par_1_5' title="bbox 223 4153 732 4236">
     <span class='ocr_line' id='line_1_29' title="bbox 223 4153 732 4236; baseline 0.006 -19"><span class='ocrx_word' id='word_1_213' title='bbox 223 4154 424 4235; x_wconf 83' lang='lat' dir='ltr'>dignitatem</span> <span class='ocrx_word' id='word_1_214' title='bbox 448 4153 583 4218; x_wconf 89' lang='lat' dir='ltr'>restitui</span> <span class='ocrx_word' id='word_1_215' title='bbox 606 4159 732 4236; x_wconf 87' lang='lat' dir='ltr'>posset.</span> 
     </span>
    </p>
   </div>
   <div class='ocr_carea' id='block_1_5' title="bbox 0 0 1500 5032">
    <p class='ocr_par' dir='ltr' id='par_1_6' title="bbox 0 0 1500 5032">
     <span class='ocr_line' id='line_1_30' title="bbox 0 0 1500 5032; baseline 0 0"><span class='ocrx_word' id='word_1_216' title='bbox 0 0 1500 5032; x_wconf 95' lang='lat' dir='ltr'> </span> 
     </span>
    </p>
   </div>
  </div>
 </body>
</html>
