2970 5032
724 375 766 440 49

262 573 391 639 Eadem
424 573 563 640 Catonis
586 575 781 640 constantia
805 576 1021 641 comitiorum
1042 577 1270 643 consularium

218 711 337 777 dilatio
361 728 382 776 a
405 711 566 794 Pompeio
591 712 701 793 petita
715 681 880 794 irnpedita
893 716 956 778 est.
978 712 1028 778 At
1040 731 1083 778 ex
1095 714 1271 779 Plutarchi

217 849 334 916 verbis
364 847 456 930 (Cap.
480 847 605 920 XLIV)
628 848 693 914 hoc
717 848 895 929 colligatur
919 864 1058 915 necesse
1082 853 1150 915 est:
1175 851 1271 915 Pom·

217 987 332 1068 peium
353 986 424 1050 iam
445 983 583 1050 Italiam
605 983 762 1065 attigisse
785 1002 862 1049 cum
885 985 974 1049 hanc
997 984 1194 1050 dilationem
1217 1003 1271 1068 pe·

217 1126 317 1189 teret.
345 1123 478 1188 Rursus
500 1121 535 1186 in
557 1121 641 1187 Vita
664 1121 804 1187 Catonis
829 1121 921 1204 (Cap.
946 1122 1065 1198 XXX)
1076 1139 1132 1188 res
1148 1123 1271 1188 melius

217 1261 420 1343 exponitur:
448 1259 649 1342 Pompeium
672 1259 737 1324 iter
759 1257 942 1324 facientem
959 1262 1187 1344 praemisisse,
1213 1261 1270 1342 qui

216 1418 238 1466 a
272 1401 396 1464 senatu
414 1400 594 1480 peterent,
636 1399 677 1462 ut
711 1396 849 1462 comitia
884 1397 1076 1463 consularia
1100 1398 1269 1464 differren-

215 1542 283 1604 tur.
329 1536 485 1600 Exeunte
508 1551 598 1599 anno
622 1535 664 1598 62
688 1533 872 1617 Pompeius
895 1535 930 1599 in
954 1535 1269 1619 ltaliam'revertit‚

216 1675 332 1742 Cicero
371 1673 462 1739 enim
496 1672 614 1754 (Epist.
650 1672 693 1737 ad
728 1671 802 1738 Att.
829 1673 854 1739 i.
882 1674 934 1748 12)
962 1673 1134 1754 Kallan.
1160 1691 1189 1740 a.
1215 1675 1269 1738 61.

220 1811 465 1899 „Pompeianos
487 1806 708 1892 prodromos'’
733 1813 997 1891 commemorat3
1022 1828 1066 1874 ex
1089 1828 1155 1890 quo
1174 1810 1270 1875 intel·

218 1949 277 2031 ligi
296 1951 421 2032 potest,
445 1947 645 2029 Pompeium
667 1930 744 2011 tum
766 1945 905 2011 iamiam
924 1947 1054 2011 Romae
1066 1946 1268 2029 exspectari.

221 2086 318 2153 Alter
347 2085 524 2151 Plutarchi
548 2101 641 2149 error
665 2101 708 2182 es
732 2083 851 2148 eadem
876 2083 1020 2166 epistola
1043 2084 1267 2164 redarguitur.

218 2223 302 2305 Quid
323 2224 415 2289 enim
437 2222 501 2288 sibi
523 2221 655 2287 vellent
675 2221 752 2287 illa:
788 2221 993 2306 „divortium
1015 2221 1145 2287 Muciae
1167 2221 1269 2287 valde

201 2357 411 2446 ,probatur‚’'
436 2359 501 2426 nisi
524 2359 653 2424 recenti
679 2376 716 2423 re
739 2359 824 2424 haec
851 2360 996 2442 epistola
1019 2360 1147 2443 scripta
1166 2365 1268 2428 esset.

214 2499 419 2565 Plutarchus
463 2502 580 2563 autem
614 2495 707 2576 (Cap.
743 2496 850 2571 XLII)
886 2497 1009 2562 tradit:
1047 2498 1211 2568 »πλησίον
1236 2495 1267 2553 δ’

215 2635 352 2704 Italiac
367 2631 604 2704 γενόμενος...
621 2623 652 2697 (ὁ
667 2631 853 2702 Πομπήιος)
863 2624 1012 2699 ἔπεμψεν
1021 2625 1105 2701 αὐτῇ
1114 2631 1165 2700 (τῇ
1176 2632 1269 2684 Μου-

214 2769 284 2842 alu)
301 2767 363 2840 τὴν
382 2764 534 2840 ἄφεσιν.”
566 2766 710 2832 Adlicit:
741 2759 802 2830 »ἐν
818 2761 848 2819 δ’
867 2727 1059 2834 ἐπιστολαῖς
1076 2761 1269 2836 Κικέρωνος

214 2901 346 2976 dultia
361 2905 578 2979 assecutae-’⁹
602 2904 719 2969 Fuerit
741 2902 777 2967 in
800 2902 876 2967 aliis
889 2901 1050 2984 epistolis,
1065 2919 1168 2982 quam
1181 2917 1268 2981 quac

216 3063 305 3110 nuuc
328 3047 534 3126 supersunt:
559 3043 654 3114 locus
678 3041 769 3106 enim
792 3039 955 3104 laudatus
976 3039 1096 3103 unicus
1119 3041 1172 3103 est
1195 3055 1268 3118 quo

214 3181 315 3247 huius
338 3180 475 3247 divortii
497 3179 626 3244 mentio
650 3178 743 3243 iacta
766 3180 830 3243 est.
857 3178 898 3253 (ἓ)

259 3455 442 3538 Pompeius
477 3470 583 3535 quum
618 3468 707 3517 anno
743 3452 784 3515 62
821 3451 950 3515 frustra
979 3448 1014 3512 in
1037 3465 1136 3512 suam
1158 3447 1267 3529 ipsius
1357 3534 1359 3539 .

648 3689 1266 3699 ff*

251 3852 401 3924 (§)D1urn.
420 3849 465 3905 IV.
484 3847 547 3902 478.

250 3967 271 4020 J.
297 3967 330 4020 Α.
348 3963 454 4019 Fraude
473 3962 591 4035 (Caesar,
610 3978 626 4016 a
645 3961 749 4016 Soetch.
771 3961 881 4015 London
900 3960 983 4033 4879)
1002 3977 1061 4032 pag.
1078 3960 1130 4014 1152
1149 3961 1267 4031 probare

214 4078 453 4147 conatu1·‚sarnam
473 4075 507 4128 de
526 4074 667 4142 adulterio,
689 4073 761 4144 quod
780 4072 880 4127 Caesar
898 4090 962 4126 curn
981 4072 1069 4127 Mucia
1087 4073 1267 4127 commisisset

214 4191 335 4258 (Sueton.
363 4189 422 4242 Div.
450 4189 499 4242 Iul.
522 4187 587 4257 Cap.
605 4187 645 4253 L),
664 4203 785 4256 sparsam
805 4203 865 4239 osse
884 4185 917 4239 ab
935 4186 1117 4256 optimatibus,
1138 4192 1167 4240 ut
1186 4187 1264 4239 Porn-

213 4308 306 4377 peiurn
325 4323 341 4360 a
362 4306 477 4359 Caesare
496 4303 689 4357 abalienarent.

1156 4417 1175 4478 4
