2970 5032
644 340 757 408 '27

213 539 468 621 intelligendam
492 558 567 607 esse
593 558 636 606 ex
659 541 828 607 Ciceronis
840 541 955 606 verbis
968 542 1183 623 perspicuum
1196 546 1260 625 est,

214 675 319 757 quum
341 681 415 743 tcto
440 678 504 742 hoc
526 678 599 743 loco
623 678 664 742 de
691 678 793 743 rebus
814 676 1099 758 Hispaniensibus
1117 678 1262 760 dispute-

213 818 281 890 tur)
315 831 424 896 neque
454 814 544 897 apud
571 815 768 898 Appianum
791 832 900 897 neque
923 815 1013 897 apud
1040 788 1272 882 Plutarchum¹

215 956 515 1018 commemoratam
535 952 675 1034 reperio.
700 953 867 1018 Attamen
891 953 1066 1035 exipsius
1092 953 1262 1019 Ciceronis

215 1091 328 1155 verbis
352 1088 476 1171 aliquid
501 1089 610 1170 colligi
638 1094 775 1171 potest:
803 1108 872 1155 non
894 1090 943 1155 ita
958 1089 1263 1172 inultopostPom·

214 1227 279 1309 peii
301 1227 488 1318 adventurn
508 1227 543 1291 in
566 1225 769 1308 Hispaniam
791 1226 970 1293 Memmius
993 1245 1031 1292 se
1053 1227 1084 1293 ei
1105 1228 1263 1293 adiunxit

213 1365 351 1445 eiusque
374 1367 534 1446 quaestor
556 1363 668 1430 lactus
691 1368 753 1429 est.
778 1363 937 1446 Sequitur
960 1365 1070 1447 prima
1089 1365 1261 1448 expeditio

213 1500 363 1581 Pompeii
387 1506 487 1578 (anno
513 1502 565 1575 76)
590 1504 631 1578 (S)
656 1495 859 1567 eo‘consilio
885 1506 1055 1586 suscepta,
1078 1507 1117 1568 ut
1140 1503 1176 1567 in
1187 1503 1261 1568 His-

212 1637 349 1718 paniam
375 1637 572 1701 ulteriorem
595 1641 840 1718 prorumperet.
871 1637 1007 1703 iberum
1028 1639 1261 1719 transgeditur

214 1780 249 1840 et
283 1775 325 1838 de
358 1774 530 1840 Herennio
563 1775 653 1856 apud
676 1775 872 1840 Valentiam
896 1776 1076 1841 victoriam
1096 1782 1260 1858 reportat.

215 1911 288 1976 Hoc
321 1916 474 1992 tempore
508 1910 650 1977 forsitan
673 1911 852 1977 Memmius
874 1930 895 1976 a
919 1912 1078 1994 Pompelo
1103 1914 1262 1994 praemis·

215 2050 273 2113 sus
297 2048 343 2113 sit
371 2048 621 2131 Carthaginem,
646 2048 758 2130 ibique
776 2049 946 2131 obsessus
959 2066 1063 2129 quum
1076 2049 1258 2131 Pompeius

214 2186 256 2248 ab
288 2184 362 2265 ipso
386 2183 534 2249 Sertorio
558 2183 649 2266 apud
671 2183 863 2249 Lauronem
886 2184 1085 2267 profligatus
1109 2169 1261 2267 elopem

213 2321 299 2386 ferre
333 2322 497 2402 nequiret.
545 2321 705 2403 Sequenti
739 2339 829 2386 anno
865 2323 906 2386 75
930 2322 1086 2388 Metellus
1109 2323 1143 2387 in
1167 2323 1262 2388 meri-

214 2460 314 2524 diana
346 2459 535 2541 Hispaniae
557 2463 656 2540 parte
679 2459 817 2524 meliore
839 2458 977 2525 fortuna
1001 2460 1119 2543 utitur,
1143 2461 1260 2526 hostes

214 2596 418 2678 Carthagine
449 2596 631 2661 abscedere
664 2600 851 2676 coguntur3
875 2595 1054 2662 Memmius
1078 2601 1193 2662 autem
1217 2597 1260 2660 ad

214 2734 413 2822 Pompeium
446 2750 605 2798 reversus
639 2733 734 2797 brevi
758 2736 912 2814 tempore
935 2738 1015 2814 post
1037 2734 1072 2798 in
1096 2734 1184 2799 hello
1208 2752 1257 2799 oc·

214 2872 304 2936 cidit.
330 2907 371 2917 -

261 3145 337 3225 Cap·
366 3143 465 3209 ΧῙΧ,
488 3120 594 3211 ’Τέλος
611 3140 648 3197 δὲ
664 3142 874 3214 περικόπτων
890 3137 1098 3214 μὲνᾶγσρὰς,
1108 3144 1259 3214 ληιζόμε-

212 3292 269 3344 νος
294 3274 331 3330 δὲ
357 3273 417 3344 τὴν
432 3271 559 3347 χώραν,
575 3268 763 3345 ἐπικρατῶν
784 3271 821 3329 δέ
839 3276 897 3345 τῆς
914 3273 1090 3345 θαλάσσης
1106 3270 1261 3344 ἐξέβαλεν

214 3385 429 3463 ἀμφοτέρους
448 3379 512 3460 ’τῆς
537 3382 590 3459 ὑφ’
622 3381 744 3443 ἑαυτὸν
759 3383 902 3461 Ἰβηρίας
919 3385 1194 3460 ἀναγκασθέντας
1211 3388 1259 3460 είς

213 3504 397 3578 ἀλλοτρίας
421 3509 625 3575 καταφυγεῖν
642 3499 805 3576 ἐπαρχίας
822 3497 947 3579 ἀπορίᾳ
966 3507 1034 3561 τῶν
1053 3500 1258 3576 ἐπιτηδείων.

249 3775 373 3828 Alterum
391 3774 572 3843 fragmentum
591 3773 624 3827 ad
643 3773 765 3827 obsessos
783 3772 919 3842 pertinere
929 3773 1052 3842 arbitror,
1062 3775 1108 3843 qui
1122 3779 1152 3828 ut
1160 3774 1257 3828 urbem

214 3895 311 3947 melius
329 3893 466 3972 munirent
487 3909 613 3946 »murum
631 3892 664 3946 ab
683 3892 781 3962 angulo
798 3892 885 3946 dextri
903 3892 993 3946 lateris
1002 3893 1035 3945 ad
1046 3893 1172 3962 paludem
1184 3893 1257 3946 haud

214 4012 306 4082 procul
322 4017 453 4065 remotam
472 4011 633 4064 duxer·unt.”

249 4131 286 4204 (ᾗ)
304 4131 334 4184 ln
353 4131 455 4184 incerta
471 4129 553 4182 huius
570 4128 634 4183 belli
653 4128 823 4198 chronologia
841 4133 949 4183 secutus
967 4145 1028 4183 sum
1045 4146 1108 4183 curn
1128 4130 1259 4196 ordinem,

214 4268 295 4322 quom
315 4250 465 4304 Mommsen
484 4248 628 4303 constituit.
647 4249 810 4320 (Mommsen
829 4248 861 4302 R.
881 4248 912 4303 G.
928 4248 973 4304 ΙΙΙ.
992 4248 1119 4320 28-3l.)
