2970 5032
773 331 813 395 12

268 534 364 599 cuius
391 533 530 615 plenum
552 549 676 598 nomen
699 531 790 614 apud
814 531 946 596 nullum
970 530 1171 612 scriptorem
1184 528 1317 610 legitur,

268 688 287 735 e
322 673 423 752 gente
457 670 554 735 Iunia
581 669 687 735 fuisse
715 668 884 750 colligitur
908 685 951 733 ex
974 684 1042 733 uno
1070 667 1143 732 loco
1170 665 1319 747 Appiani

270 807 323 885 (de
355 807 460 873 Bellis
492 806 562 873 Ciu.
597 806 622 872 Ι.
658 807 724 890 88),
762 821 971 887 quamquam
1001 821 1044 869 ne
1068 802 1319 878 Drumanni-(sy

270 945 405 1028 quidem
429 947 780 1026 argumentaomnem
798 943 1048 1009 dubitationem
1060 940 1196 1006 tollunt.
1218 939 1318 1022 Apud

270 1080 491 1146 Plutarchum
515 1084 632 1146 autem
654 1080 852 1163 Damasippi
875 1097 1000 1147 nomen
1024 1095 1193 1159 nusquam
1212 1094 1320 1143 occur-

270 1217 325 1302 rit,
349 1235 430 1283 nam
453 1217 596 1282 Antistii
620 1216 673 1294 (ci.
687 1216 768 1303 Cap.
781 1216 844 1292 IX)
857 1216 1068 1297 aliorumque
1080 1214 1193 1280 caedis
1202 1217 1321 1279 auctor

270 1373 338 1420 non
377 1355 582 1421 nominatur.
630 1354 755 1436 Quodsi
787 1354 878 1420 idem
903 1353 967 1419 hoc
990 1353 1063 1418 loco
1081 1350 1321 1433 intelligendus

271 1491 327 1575 sit,
362 1490 567 1558 Plutarchus
601 1492 720 1557 eodem
745 1508 858 1557 errore
883 1507 920 1556 se
940 1490 1147 1572 implicuerit
1166 1507 1232 1571 quo
1255 1490 1322 1570 Ap·

270 1629 393 1712 planus
431 1632 466 1694 et
497 1646 558 1710 pro
593 1628 792 1710 cognomine
821 1628 911 1710 apud
936 1645 1055 1694 omnes
1080 1628 1207 1693 usitato
1230 1626 1321 1692 aliud

270 1767 434 1851 posuerit,
458 1766 547 1847 quod
571 1766 626 1831 hic
650 1766 863 1849 pracsertim,
887 1783 931 1831 ne
955 1765 1147 1833 obscuritas
1159 1768 1321 1848 oreretur,
1377 1751 1382 1759 ’

270 1903 469 1970 evitandum
502 1902 634 1969 fuisset.
680 1903 800 1984 Itaque
836 1902 955 1984 opinor
978 1919 1087 1984 neque
1109 1902 1152 1967 M.
1176 1901 1321 1966 Brutum

274 2036 558 2126 „tyrannoctoni”
583 2043 718 2122 patrem
740 2057 850 2121 neque
875 2039 913 2104 L.
937 2039 1075 2105 Iunium
1097 2039 1244 2104 Brutum
1259 2038 1319 2102 Da-

271 2177 466 2260 masippum
490 2177 642 2259 Pompeii
665 2176 902 2243 adversarium
922 2176 1037 2260 tuisse,
1050 2176 1227 2242 sodalium
1240 2176 1321 2240 eius·

273 2313 349 2379 dern
380 2313 536 2394 nominis,
558 2312 704 2378 fortasse
728 2331 816 2397 eum,
844 2313 901 2395 qui
928 2331 996 2379 uno
1020 2331 1109 2379 anno
1133 2316 1212 2395 post
1232 2312 1340 2393 apud·

273 2451 473 2534 Lilybaeum
486 2469 523 2517 se
535 2451 608 2532 ipse
619 2451 803 2517 interemit.
817 2450 858 2516 ci.
870 2451 943 2517 Liv.
953 2451 1041 2534 Epit.
1052 2451 1109 2517 lib.
1118 2450 1321 2516 LXXXIX:

276 2587 337 2673 „M.
361 2588 490 2654 Brutus
513 2605 534 2654 a
558 2587 617 2654 Cn.
641 2588 776 2670 Papirio
796 2589 961 2672 Carbone,
972 2589 1017 2654 ad
1028 2606 1130 2670 quern
1142 2589 1323 2654 Cossuram

274 2726 463 2810 appulerat,
484 2726 610 2792 missus
630 2743 719 2793 nave
739 2727 923 2808 piscatoria
938 2727 1149 2811 Lilybaeum,
1162 2730 1202 2792 ut
1214 2726 1324 2808 explo-

274 2871 378 2946 raret,
405 2880 450 2927 an
473 2863 519 2928 ibi
542 2863 612 2928 iani
633 2863 816 2945 Pompeius
837 2867 943 2947 esset,
958 2866 994 2928 et
1006 2863 1260 2936 circumventus
1271 2881 1324 2927 na·

275 2998 386 3082 vibus,
421 3016 507 3079 quas
543 2999 726 3082 Pompeius
748 3001 901 3083 miserat,
926 3000 960 3065 in
984 3017 1022 3066 se
1046 3001 1200 3066 mucroni
1225 3017 1324 3065 verso

276 3134 320 3200 ad
353 3138 545 3200 transtrum
579 3137 678 3201 navis
711 3137 858 3203 obnixus
885 3137 1036 3219 corporis
1067 3136 1216 3219 pondere
1239 3136 1326 3200 incu-

277 3273 384 3338 buit.''
410 3276 452 3350 (†)
476 3273 577 3338 Hunc
600 3274 747 3340 Brutum
770 3275 833 3340 sub
858 3274 1048 3341 adventurn
1071 3273 1186 3340 Sullae
1209 3274 1243 3338 in
1265 3273 1281 3339 I
1319 3308 1328 3316 ·

277 3411 359 3477 liam
385 3413 515 3478 Rornae
539 3413 682 3497 degisse,
708 3431 877 3495 nusquam
901 3414 1027 3480 diserte
1039 3418 1208 3497 narratur,
1223 3413 1328 3494 sequi-

278 3551 334 3614 tur
358 3553 474 3614 autem
499 3567 542 3614 ex
567 3549 655 3617 Livii
677 3549 802 3615 verbis.
828 3549 894 3615 Cur
917 3550 1008 3614 enim
1034 3548 1241 3632 profugisset
1251 3567 1328 3614 cum

280 3686 444 3769 Carbone,
468 3686 497 3751 si
521 3685 650 3751 nullam
663 3685 742 3752 belli
756 3686 866 3752 civilis
879 3690 1013 3768 partem
1027 3686 1228 3768 attigisset?
1249 3686 1329 3751 Dru·

314 4008 352 4083 (5)
373 4009 468 4065 Dium.
489 4008 533 4063 IV.
556 4025 616 4081 pag.
635 4008 679 4064 49.

315 4127 359 4202 (†)
377 4129 416 4184 Eo
441 4133 563 4200 spectant
591 4128 727 4184 Ciceronis
758 4130 838 4184 verba
867 4128 963 4202 (Epist.
990 4130 1024 4185 ad
1049 4130 1104 4185 Ait.
1122 4129 1147 4185 9.
1167 4130 1210 4185 14.
1229 4129 1259 4200 B)
1276 4129 1330 4183 iam

278 4248 468 4322 supracitata.
