2970 5032
718 327 765 410 25

260 546 482 612 Sucronensis
516 545 633 627 proelii
657 544 753 610 fama
776 545 977 626 pervulgata
997 549 1079 610 erat.
1106 546 1170 610 Cic.
1199 563 1259 626 pro

214 684 322 749 Balbo
347 685 376 748 2.
407 683 447 749 5:
475 700 601 767 „unum
624 682 791 764 obiicitur,
815 681 862 758 (L.
889 681 1081 747 CorneHum
1103 681 1259 757 Balbum)

215 824 335 885 natum
358 837 433 885 esse
456 819 618 903 Gadibus,
642 819 732 900 quod
756 822 860 900 negat
882 835 991 884 nemo.
1003 821 1116 884 cetera
1128 836 1260 884 accusa·

215 961 270 1022 tor
292 957 429 1039 fatetur,
453 956 544 1020 huno
566 956 600 1019 in
624 955 791 1037 Hispania
814 955 993 1021 durissimo
1016 954 1104 1020 bello
1129 973 1207 1020 cum
1222 955 1258 1036 Q.

216 1093 360 1176 Metello,
395 1111 472 1158 cum
507 1092 541 1158 d.
565 1091 722 1157 Memmio
746 1092 838 1158 etin
863 1092 971 1158 classe
995 1091 1086 1157 etin
1110 1091 1261 1157 exercitu

214 1231 338 1312 fuisse;
362 1234 402 1296 ut
424 1231 606 1313 Pompeius
628 1231 663 1294 in
686 1229 889 1312 Hispaniam
899 1214 1045 1296 ‘venerit
1056 1228 1261 1295 Memmium-

215 1386 280 1449 que
302 1369 428 1433 hahere
451 1371 668 1449 quaestorem
691 1329 849 1450 coeperit,
873 1366 1260 1448 numquamaMemmio

215 1504 420 1587 discessisse,
456 1503 660 1585 Carthagine
685 1521 760 1569 esse
783 1505 973 1587 obsessum,
997 1504 1169 1570 acerrimis
1193 1503 1259 1570 illis

215 1640 351 1722 proeliis
386 1644 421 1705 et
455 1640 615 1705 maximis
639 1639 842 1706 Sucronensi
866 1644 901 1706 et
924 1641 1076 1706 Turiensi
1099 1645 1140 1718 (ἓ)
1164 1642 1262 1707 inter·

214 1777 340 1858 fuisse3
365 1795 443 1842 cum
466 1777 626 1858 Pompeio
650 1777 693 1843 ad
717 1781 909 1844 extremum
933 1779 1012 1844 belii
1034 1782 1171 1860 tempus
1187 1780 1263 1846 fuis-

217 1918 285 1981 se.''
331 1915 479 1980 Memmii
503 1932 627 1980 nomen
651 1915 755 1980 etiam
778 1915 869 1997 apud
891 1915 1114 1981 Plutarchum
1130 1916 1262 1997 legitur.

217 2051 306 2116 Nam
340 2051 412 2116 sine
446 2050 516 2116 ulia
547 2050 760 2117 dubitatione
783 2051 961 2117 Memmius
984 2052 1039 2117 hio
1062 2070 1082 2116 a
1106 2052 1263 2118 Cicerone

217 2188 413 2254 nominatus
434 2175 524 2252 idern
548 2191 611 2270 est,
635 2192 738 2269 atque
760 2188 827 2273 ille,
851 2207 952 2270 quem
975 2189 1179 2262 Plutarchus
1199 2193 1263 2255 tra·

217 2326 267 2390 dit
290 2343 311 2389 a
334 2325 494 2406 Pompeio
518 2325 554 2389 in
570 2324 685 2390 Sicilia
697 2323 854 2390 relictum
866 2343 941 2392 esse
953 2329 989 2391 et
1000 2343 1078 2391 cum
1090 2344 1128 2392 eo
1143 2327 1178 2390 in
1189 2327 1263 2391 His-

217 2462 319 2543 pania
341 2462 454 2528 tuisse.
500 2461 642 2527 Maritus
665 2465 740 2528 erat
762 2463 913 2544 Pompeii
937 2463 1083 2529 sororis:
1109 2463 1187 2544 Cap.
1212 2464 1263 2527 XI

216 2588 258 2657 „o
286 2591 461 2663 Πομπήιος
486 2595 641 2663 Σικελίας
672 2589 822 2666 ἄρχοντα
853 2591 1011 2662 Μέμμιον
1028 2593 1184 2651 κατέλιπε
1203 2595 1263 2651 τὸν

216 2708 325 2786 ἄνδρα
356 2715 414 2784 τῆς
440 2707 622 2785 aaaron&
661 2714 789 2779 Cecidit
819 2715 854 2778 in
885 2687 1151 2795 Saguntinorum
1178 2733 1262 2780 cam-

217 2853 269 2935 pis
304 2855 367 2929 (†):
402 2852 494 2917 Vita.
530 2852 617 2918 Sert.
648 2851 728 2933 Cap.
751 2851 848 2917 XXI.
876 2847 1092 2938 ,,Μὲμμιθςό
1114 2854 1182 2909 τῶν
1199 2848 1263 2910 ὑπὸ

218 2984 384 3056 Πομπηίῳ
402 2984 596 3054 στρατηγῶν
611 2977 901 3053 ἡγεμονικώτατος
917 2978 1011 3056 ἐντῷ
1020 2982 1264 3057 καρτερωτάτῳ

217 3100 275 3169 τῆς
291 3097 402 3168 μάχης
418 3093 560 3154 duacen?

261 3219 310 3284 De
340 3221 442 3285 rebus
475 3236 562 3300 quae
590 3218 638 3308 ,ad
668 3218 769 3283 huius
791 3217 939 3283 Memmii
962 3219 1071 3285 vitam
1094 3222 1265 3302 pertinent

219 3358 317 3439 plura
351 3373 370 3421 e
405 3355 573 3421 Ciceronis
608 3354 723 3419 verbis
752 3359 950 3436 sequuntur.
998 3356 1154 3438 Apparet
1175 3359 1264 3423 enim

256 3680 292 3752 (5)
310 3680 343 3733 ο1.
363 3679 432 3733 Plut.
451 3679 519 3734 Seri.
539 3678 601 3749 Gap.
613 3677 677 3732 XlX
688 3695 694 3732 τ
705 3672 790 3740 ,,ίκδ’
800 3672 875 3743 τίνω*
888 3675 1058 3747 Σερτώριος)
1068 3673 1265 3748 ίτιηνορθοῦτο

219 3795 270 3860 τὰς
293 3793 380 3867 ἥττας
397 3798 501 3866 μᾶλλον
520 3789 697 3864 ἐθαυμάζετο
715 3795 858 3850 νικώντων
876 3797 931 3849 τῶν
950 3792 1184 3867 ἀντιστρατήγων,
1204 3795 1266 3852 οἷον

221 3908 252 3967 ἐν
276 3913 310 3984 τῇ
326 3910 392 3980 περὶ
409 3908 558 3979 Σούκρωνι
576 3908 653 3983 μα’χῃ
672 3908 746 3979 πρὸς
764 3908 915 3980 Πομπήιον
932 3909 980 3965 καί
996 3908 1083 3966 πάλιν
1101 3907 1132 3966 ἐν
1149 3914 1183 3985 τῇ
1201 3912 1266 3981 napi
1362 3929 1365 3934 ·

225 4029 362 4082 Τουττίαν
378 4027 450 4099 (lege
471 4028 605 4094 Τουρίαν)
622 4027 694 4094 πρὸς
712 4045 741 4081 τε
760 4027 864 4080 τοῦτον
881 4022 954 4095 ὁμοῦ
973 4026 1022 4081 καί
1041 4025 1210 4083 Μέτελλον.”

258 4145 301 4219 (Js)
320 4147 358 4200 Eo
385 4146 507 4217 sequitur·
531 4163 623 4200 errare
642 4146 773 4201 Orellium
792 4147 819 4200 in
837 4145 1016 4216 Onomastico,
1034 4154 1174 4221 putantem
1194 4150 1267 4204 hune

225 4267 382 4321 Memmium
402 4271 429 4320 et
446 4266 585 4320 tribunum
603 4267 639 4335 pl.
658 4266 722 4320 anni
740 4265 775 4320 66
795 4265 911 4335 eundem
931 4266 1020 4321 fuisse.
