2970 5032
324 471 411 534 Pomp.
433 472 491 535 Cap.
512 471 605 520 XLIV.
852 470 910 517 Cato
928 468 996 517 Min.
1016 469 1078 534 Cap.
1097 468 1179 516 XXX.

156 670 159 675 ⁶
212 675 274 734 ἐπεὶ
291 678 322 735 δὲ
344 676 359 735 6
379 679 464 751 νόμος
483 677 535 735 οόκ
547 684 593 735 εία
602 680 655 749 πρὸ
667 682 718 734 τού
756 678 905 749 Πομπήιος
920 676 951 733 δὲ
962 677 1049 748 μέγας
1059 673 1116 733 ἀπὸ
1127 679 1177 746 τῆς
1187 695 1265 744 στρα-

210 794 353 867 θριάμβου
372 799 529 864 παρελθεῖν
550 793 590 857 είς
610 793 662 865 τὴν
671 793 723 848 πό·
757 797 835 856 τείας
861 790 1052 848 ἐπανιὼν...
1079 789 1266 863 προύπεμψεν

211 914 262 976 λιν,
273 907 400 980 ἔπεμψεν
411 907 498 977 ἀξιῶν
509 908 550 972 είς
559 906 611 980 τὴν
621 906 725 982 βουλὴν
759 906 846 975 ἀξιῶν
865 906 915 971 τὰς
932 905 1073 970 ὑπατικὰς
1088 904 1267 977 ἀρχαιρεσίας

212 1023 407 1098 ἀναβαλέσθαι
444 1023 494 1087 τάς
528 1027 584 1079 τῶν
602 1021 717 1079 ὑπάτων
753 1021 952 1096 ἀναβαλέσθαι
976 1022 1028 1094 τὴν
1046 1022 1212 1094 σύγκλητον,
1233 1019 1269 1086 ῶς

212 1138 394 1211 ἀρχαιρεσίας
423 1141 471 1195 καὶ
497 1142 599 1195 δοῦναι
617 1138 724 1209 ταύτην
758 1137 794 1194 ἀν
812 1137 899 1202 αὐτὸς
915 1137 1015 1208 παρῶν
1033 1143 1157 1195 Πείσωνι
1166 1157 1267 1208 συναρ-

212 1255 288 1331 αύτῷ
320 1255 372 1327 τὴν
397 1255 489 1328 χάριν,
515 1253 593 1318 ὅπως
620 1253 720 1324 παρῶν
754 1254 928 1327 χαιρεσιάσῃ.
966 1258 1028 1310 Τῶν
1063 1254 1095 1311 δέ
1129 1260 1267 1312 πλείστων

213 1377 335 1430 Πείσωνι
346 1371 608 1445 συναρχαιρεσιάσῃ.
627 1372 723 1427 Κάτω-
758 1369 1015 1440 ύπεικόντων,....
1049 1368 1064 1426 6
1098 1369 1266 1427 Κάτων...

212 1510 260 1552 νος
278 1488 309 1544 δέ
328 1485 399 1557 πρὸς
416 1486 468 1558 τὴν
486 1485 600 1555 ἀξίωσιν
611 1483 724 1543 ένστάν-
760 1485 875 1543 ἀντεῖπε
886 1487 934 1542 καὶ
943 1486 1091 1558 μετέστησε
1103 1484 1155 1556 τὴν
1164 1485 1269 1559 βουλὴν

213 1624 260 1666 τος
286 1601 339 1659 ούκ
358 1601 436 1674 ἔτυχε
456 1606 505 1658 τού
525 1601 715 1676 βουλεύματος
758 1592 827 1658 ῶστε
847 1600 1099 1672 ἀποψηφίσασθαι.

248 1721 350 1775 Deinde
375 1727 490 1791 utroque
510 1722 575 1787 Ιοσσ,
595 1721 642 1773 sed
661 1721 687 1773 in
707 1720 815 1774 Catonis
834 1720 896 1774 Vita
914 1720 1003 1791 paullo
1022 1720 1133 1774 uberius
1151 1722 1271 1775 traditur

213 1841 359 1895 memoriae
388 1841 548 1911 Pompeium
568 1857 629 1893 cum
649 1840 749 1893 Catone
767 1839 896 1893 affinitate
915 1857 944 1892 se
962 1839 1124 1908 coniungere
1143 1840 1272 1910 voluisse,

213 1960 341 2013 Catonem
369 1960 420 2012 hoe
446 1958 613 2028 repudiasse,
640 1957 765 2026 neptibus
790 1973 869 2027 aegre
896 1958 1053 2026 λενοτιῐθιαε,
1081 1958 1139 2011 inas
1166 1967 1273 2029 autern,

214 2094 276 2131 cum
305 2079 450 2148 Pompeius
478 2082 587 2147 propter
611 2076 743 2130 ambitum
762 2077 796 2147 in¹
808 2077 911 2130 Afranii
931 2077 1044 2146 gratiam
1064 2078 1134 2131 male
1153 2077 1272 2146 audiret,

213 2197 321 2249 Catonis
340 2196 500 2249 sententiam
520 2195 689 2265 probavisse:

215 2311 247 2366 αἴ
263 2312 294 2368 δὲ
306 2311 465 2368 ἀκούσασαι
474 2312 652 2383 συνέγνωσαν
662 2310 721 2385 βέλ-
759 2309 920 2384 ὡμολόγουν
938 2311 1045 2394 ἐκεῖναι
1055 2315 1168 2371 κάλλιον
1178 2315 1273 2372 αι’τόν

214 2448 274 2482 τιον
304 2425 399 2483 αὐτῶν
425 2423 535 2484 ἐκεῖνον
563 2420 723 2501 λογίζεσθαι
760 2433 966 2504 βεβουλεῦσθαι
984 2429 1239 2500 διακρουσάμενον.

214 2543 276 2612 περί
296 2545 346 2598 τού
365 2543 531 2613 πρέποντος.

327 2785 414 2847 Pomp.
438 2785 496 2848 Cap.
517 2785 610 2835 XLVI.
842 2786 908 2837 Calo.
928 2785 996 2834 Min.
1016 2785 1077 2849 Cap.
1098 2786 1194 2834 XXXI.

215 2967 383 3032 Λεύκολλον,
392 2964 598 3037 ῶςέπανῆλθεν
606 2964 727 3035 έξἎσίας
762 2969 923 3026 Λευκόλλου
941 2969 972 3026 δὲ
992 2971 1057 3037 περὶ
1073 2975 1129 3026 τῶν
1147 2969 1178 3027 έν
1193 2971 1269 3027 Πόν-

214 3080 269 3138 ύπὸ
304 3086 455 3152 Πομπηίου
481 3082 722 3155 περιυβρισμένος,
757 3106 795 3158 τῳ
814 3087 973 3153 διατάξεων
989 3085 1272 3155 στασιάσαντοςπρὸς

215 3194 317 3252 αύτίκα
341 3217 370 3252 τε
390 3198 520 3266 λαμπρῶς
538 3194 554 3266 ἡ
575 3196 726 3267 σύγκλητος
761 3199 922 3270 Πομπήιον,
954 3199 1053 3271 ἠξίουν
1081 3200 1133 3273 γάρ
1163 3201 1272 3273 ίσχύειν

215 3308 330 3379 ἐδέξατο
342 3309 560 3382 1,καὶμόιλλονέτι
571 3316 722 3381 Πομπηίου
759 3308 893 3382 ἑκάτερος
911 3313 945 3370 τά
962 3311 1011 3385 ὑφ’
1024 3313 1113 3371 αύτού
1123 3319 1270 3387 γενόμενα.Ι

214 3424 449 3496 παραγενομένου
484 3425 644 3481 κολούουσα
671 3424 723 3497 τὴν
757 3429 806 3483 καὶ
830 3427 977 3503 Λευκόλλῳ
1001 3430 1134 3495 Κάτωνος
1152 3429 1268 3488 ἀδικου-

214 3537 423 3610 δόξανῆγειρεν
433 3537 478 3595 ἐπὶ
487 3540 538 3610 τὴν
547 3545 690 3597 πολιτείαν
759 3540 833 3614 μένῳ
852 3547 1017 3612 περιφανῶς
1030 3545 1270 3616 προσαμύνοντος,

215 3650 357 3709 ἐκπίπτων
380 3653 414 3709 δέ
433 3656 481 3709 καὶ
497 3655 729 3725 περιωθούμενος
765 3651 966 3726 ἐλαττούμενος
1000 3657 1014 3713 6
1052 3660 1200 3731 Πομπήιος
1238 3658 1269 3716 έν

215 3766 229 3823 6
258 3770 407 3841 Πομπήιος
424 3769 599 3841 ἠναγκάζετο
618 3774 723 3840 δημαρ-
759 3771 901 3845 συγκλήτῳ
912 3813 920 3839 .,
929 3815 933 3826 .
948 3814 970 3825 ..
992 3778 1120 3831 Κλωδίου
1129 3782 1268 3849 περιείχε·

214 3889 294 3958 χούσι
323 3887 512 3957 προσφεύγειν
535 3887 583 3941 καὶ
600 3906 723 3956 προσαρ-
758 3909 790 3942 το
824 3891 874 3943 τού
910 3889 972 3946 τότε
1001 3892 1186 3958 θρασυτάτου
1212 3897 1268 3949 τῶν

215 4002 321 4056 τάσθαι
338 4005 494 4071 μειρακίοις
512 3997 575 4056 ῶνό
587 4001 725 4074 βδελυρά·
759 4006 945 4075 δημαγωγῶν.
957 4046 963 4060 .
974 4046 995 4060 ..

216 4137 299 4178 τατας
317 4115 365 4170 καὶ
376 4116 556 4183 θρασύτατος
566 4124 724 4184 Κλωδιος....
