2970 5032
640 346 803 432 '19

256 568 309 630 est
332 564 373 629 de
396 564 570 629 Plutarchi
593 565 810 647 narratione;
835 566 950 633 Cicero
974 568 1074 652 enirn,
1086 587 1189 650 quum
1207 587 1247 635 ea
1260 570 1303 634 di·

255 705 346 767 cerat
368 701 492 782 quibus
514 701 714 784 Pompeium
729 703 855 785 populo
868 704 1131 789 commendaret,
1146 706 1300 772 consulto

253 837 286 901 id
310 854 433 903 nomen
456 839 642 922 praeteriit,
656 840 744 920 quod
757 840 847 922 apud
860 840 987 906 multos
1000 841 1204 908 invidiosum
1218 848 1300 909 erat.

255 972 307 1048 (cf.
332 973 421 1039 Piut.
447 973 557 1040 Crass
583 976 625 1049 7).
650 954 691 1051 (5)
714 974 776 1040 Est
799 974 903 1040 etiam
916 976 1003 1042 alius
1017 976 1186 1044 Ciceronis
1198 978 1301 1063 locus,

254 1127 319 1190 quo
352 1076 570 1175 confirmatur
594 1110 715 1194 opinio,
739 1111 809 1176 iam
831 1129 921 1178 anno
944 1114 987 1177 66
1011 1113 1171 1196 Pompeio
1197 1116 1303 1200 „Mag

254 1241 356 1312 num'’
388 1264 574 1327 cognomen
605 1248 731 1314 fuisse:
764 1248 805 1314 de
828 1248 902 1330 lege
925 1250 1007 1331 Agr.
1032 1251 1073 1317 II.
1098 1253 1150 1318 20.
1175 1253 1227 1318 53.
1255 1253 1303 1338 „is

255 1386 303 1460 (P.
328 1384 460 1459 ituilus)
483 1383 643 1450 videlicet
665 1388 850 1467 antequam
872 1387 990 1452 veniat
1000 1387 1034 1452 in
1048 1389 1206 1473 Pontum,
1219 1390 1304 1455 litte·

254 1540 311 1588 ras
334 1522 378 1589 ad
402 1523 460 1588 Gn
485 1521 685 1604 Pompeium
707 1522 833 1606 mittet,
858 1541 1002 1604 quarum
1026 1542 1088 1605 ego
1111 1525 1302 1608 iamcxem·

253 1659 347 1740 plum
371 1659 413 1722 ab
438 1658 514 1723 istis
537 1658 762 1739 compositum
786 1675 861 1724 esse
884 1659 1055 1726 arbitror:
1079 1660 1116 1727 P.
1139 1661 1303 1727 Servilius

253 1796 384 1878 Rullus,
408 1795 566 1860 tribunus
589 1795 708 1879 plebis,
731 1795 767 1860 X
789 1795 852 1870 vir,
877 1796 910 1863 S.
934 1797 972 1862 D.
999 1797 1057 1864 On.
1068 1798 1229 1880 Pompeio
1243 1799 1301 1864 On.
1344 1773 1349 1781 ’

258 1935 290 1998 F.
315 1969 354 1980 -
380 1951 449 1998 non
473 1933 571 1999 credo
595 1934 823 2017 ascripturum
846 1952 931 2019 esse,
954 1936 1097 2018 Magno:
1121 1955 1189 2003 non
1213 1939 1303 2004 enim

256 2070 390 2135 videtur
412 2069 457 2154 id,
481 2069 569 2168 quod
593 2070 793 2136 imminuere
817 2071 890 2152 lege
914 2077 1067 2157 conatur,
1080 2088 1303 2143 concessurus

253 2208 358 2272 verbo
384 2203 447 2251 —'’
471 2207 591 2289 Itaque
615 2224 654 2272 eo
677 2210 841 2290 tempore,
866 2226 932 2290 quo
957 2208 1071 2276 Cicero
1084 2211 1172 2276 hanc
1185 2211 1303 2277 oratio·

255 2362 332 2409 nem
356 2344 486 2428 habuit,
511 2343 532 2410 i.
557 2361 584 2410 e.
609 2342 705 2410 initio
729 2344 809 2410 anni
833 2346 876 2410 63
889 2362 1009 2412 omnes
1021 2345 1055 2411 in
1068 2346 1192 2413 litteris
1203 2347 1300 2413 Pom·

254 2481 329 2562 peio
353 2481 481 2546 nomini
505 2498 692 2562 cognomen
714 2481 876 2562 Magnum
898 2483 1066 2548 ascribere
1078 2484 1236 2563 solebant
1247 2501 1300 2550 ne·

255 2635 329 2699 clue,
353 2634 440 2698 quae
463 2617 608 2683 aliorum
631 2617 803 2682 sententia
826 2621 880 2683 est
903 2620 956 2701 (t),
980 2635 1035 2684 res
1051 2622 1126 2684 tum
1142 2620 1300 2686 adeousi·

253 2759 328 2820 tata
350 2755 424 2836 ipso
449 2754 537 2820 bello
559 2753 787 2819 Mithridatico
812 2754 975 2836 originem
998 2755 1105 2822 duxit.
1129 2756 1235 2822 Multo
1247 2773 1300 2822 ve

254 2891 446 2959 risimiiiora
469 2895 551 2957 sunt
574 2908 661 2972 quae
672 2891 877 2957 Plutarchus
888 2891 1005 2976 tradit,
1022 2892 1222 2975 Pompeium
1237 2894 1301 2959 hoc

254 3028 453 3111 cognomine
476 3046 496 3093 a
521 3027 612 3093 Sulla
638 3026 718 3093 dato
741 3027 819 3093 inde
841 3046 862 3093 a
885 3029 973 3095 bello
994 3029 1188 3096 Sertoriano
1200 3048 1300 3096 usum

254 3187 338 3237 esse.
373 3167 526 3248 Antiquo
559 3170 714 3247 tempore
735 3167 801 3232 duo
830 3166 969 3232 Maximi
992 3171 1091 3233 erant
1113 3168 1299 3234 nominati:

255 3299 317 3356 δύο
342 3301 424 3370 γοῦν
442 3296 630 3368 Μαξίμους,
649 3293 730 3370 ὅπερ
748 3290 820 3352 ἐστὶ
837 3297 1027 3367 μεγίστους,
1049 3292 1300 3372 ἀνηγόρευσενὸ

258 3419 375 3487 δῆμος·
405 3409 613 3486 Οὐαλλέριον
637 3411 700 3480 μὲν
723 3406 777 3467 ἐπὶ
794 3413 842 3482 τῷ
860 3409 1039 3481 διαλλάξαι
1056 3411 1301 3481 στασιάζουσαν

261 3526 352 3603 αὐτῷ
369 3528 430 3600 τὴν
444 3526 640 3598 σύγκλητον,
662 3525 792 3594 Φάβιον
809 3524 845 3580 δὲ
860 3519 1030 3590 Ῥοῦλλον,
1048 3521 1102 3581 ὅτι
1118 3528 1300 3599 πλουσίους

213 3664 220 3687 ι
258 3643 350 3713 τινὰς
366 3639 402 3713 ἐξ
420 3638 659 3716 ἀπελευθέρων
676 3637 853 3710 γεγονότας
871 3641 928 3694 καί
936 3638 1243 3711 καταλελεγμένους
1253 3640 1300 3712 είς

255 3764 316 3835 τὴν
335 3762 520 3835 σύγκλητον
536 3759 703 3834 ἐξέβαλεν·
732 3761 772 3826 cf.
798 3761 863 3826 Cic.
887 3761 982 3826 Brut.
1010 3762 1060 3828 14.
1085 3763 1157 3829 54.;
1184 3763 1300 3848 „Vide-

254 3916 331 3963 mus
352 3898 435 3962 item
457 3898 574 3979 paucis
597 3897 696 3963 annis
718 3900 796 3979 post
818 3915 916 3979 reges
939 3903 1089 3982 exactos,
1114 3900 1300 3981 cumplebs

288 4159 325 4233 (ξ)
343 4161 376 4214 of.
398 4160 492 4215 Drnm.
511 4160 555 4215 IV.
575 4159 636 4215 335.

289 4278 331 4352 (†)
351 4280 464 4352 Appian.
483 4280 517 4335 de
535 4280 606 4335 bello
624 4279 744 4334 Mithrid.
763 4296 820 4350 cap.
839 4279 941 4334 XCVII.
