2970 5032
736 310 779 373 86

233 508 472 573 concederetur
496 525 602 590 usque
626 508 669 573 ad
692 509 833 574 alterius
845 508 1043 575 consulatus
1055 509 1284 591 petitionem;

234 645 347 710 Cicero
371 650 487 710 autem
510 662 669 712 reversus
691 646 791 711 modo
816 663 834 710 e
858 645 972 710 Cilicia
996 644 1038 710 de
1061 645 1287 712 reconciliati·

234 801 298 849 one
321 784 455 868 agebat,
480 783 745 865 Pompeiumque
768 783 959 868 mitigabat,
983 784 1081 849 utin
1104 783 1180 849 aliis
1204 801 1286 850 con·

234 921 377 1005 cederet,
412 921 562 1002 legiones
595 923 732 986 tantum
768 920 903 986 Caesari
936 920 1110 987 adimeret.
1160 921 1287 1004 Itaque

234 1075 368 1123 rursum
393 1057 507 1123 Cicero
542 1057 712 1139 persuasit
735 1058 853 1123 amicis
877 1057 1041 1141 Caesaris,
1066 1062 1105 1124 ut
1128 1061 1287 1125 contenti

234 1194 417 1276 provinciis
439 1193 505 1258 illis
528 1194 742 1276 militumque
766 1211 826 1260 sex
843 1194 980 1260 milibus
997 1196 1214 1261 concordiam
1228 1215 1288 1278 pa·

235 1350 375 1414 cemque
398 1332 628 1398 admitterent.
675 1332 803 1413 Quibus
826 1332 1076 1398 conditionibus
1099 1334 1288 1415 quominus

235 1469 416 1551 Pompeius
450 1472 654 1552 moveretur,
690 1469 856 1534 Lentulus
890 1469 1007 1535 consul
1020 1469 1167 1536 obstitit
1189 1487 1289 1551 prae·

236 1606 376 1687 buitque
400 1605 535 1671 Caesari
559 1605 748 1687 speciosam
771 1605 850 1670 belli
875 1623 1024 1689 causam,
1039 1606 1190 1671 Antonio
1204 1623 1288 1672 cum

236 1742 380 1808 Curione
402 1743 623 1824 ignominiose
648 1761 666 1808 e
689 1745 812 1808 senatu
835 1742 988 1824 expulso.
1012 1743 1155 1824 Magnae
1178 1743 1289 1824 igitur

236 1898 279 1945 ex
302 1880 475 1947 Plutarchi
488 1880 659 1947 sententia
671 1883 788 1961 partes
799 1880 997 1945 tribuuntur
1010 1879 1160 1946 Ciceroni
1172 1898 1289 1963 neque

237 2018 343 2099 ipsius
366 2019 472 2084 verba
495 2018 628 2100 desunt,
653 2034 739 2099 quae
762 2017 851 2082 idem
875 2018 995 2083 testari
1010 2018 1188 2085 videntur:
1212 2020 1289 2102 (Ep.

238 2156 290 2222 ad.
318 2156 412 2221 Fam.
446 2158 476 2221 6.
513 2160 543 2220 t.
579 2156 611 2229 6)
644 2172 767 2239 „causa
802 2158 878 2220 orta
909 2155 988 2220 belli
1012 2160 1085 2221 est:
1118 2156 1197 2237 quid
1223 2174 1291 2238 ego

238 2292 451 2374 praetermisi
474 2296 535 2356 aut
562 2291 769 2356 monitorum
793 2294 854 2357 aut
876 2293 1110 2373 querelaruml
1135 2310 1212 2358 cum
1230 2295 1291 2359 vel

237 2429 484 2529 iniquissimam
508 2445 627 2511 pacem
649 2429 836 2495 iustissimo
860 2429 948 2495 bello
961 2430 1177 2495 anteferrem.
1191 2431 1291 2497 victa

239 2570 292 2633 est
325 2567 512 2633 auctoritas
546 2583 632 2649 mea,
668 2584 736 2631 non
759 2571 832 2631 tam
856 2585 876 2631 a
899 2566 1060 2649 Pompeio
1089 2603 1130 2611 -
1151 2585 1233 2632 nam
1258 2570 1291 2634 is

239 2705 441 2771 movebatur
471 2739 502 2747 -
531 2720 633 2784 quam
668 2704 710 2767 ab
735 2703 786 2787 iis,
822 2703 879 2785 qui
913 2703 997 2768 duce
1021 2704 1181 2786 Pompeio
1205 2704 1289 2770 freti

238 2843 527 2922 peropportunam
561 2843 597 2904 et
629 2840 731 2905 rebus
758 2838 952 2905 domesticis
977 2843 1011 2904 et
1036 2840 1285 2922 cupiditatibus

237 2977 310 3042 suis
332 2977 422 3042 illius
444 2975 524 3041 belli
536 2976 715 3041 victoriam
726 2975 797 3041 iore
809 2971 1011 3057 putabant.''
1035 2976 1290 3057 Haecepistola

239 3113 366 3195 scripta
390 3117 444 3178 est
466 3112 509 3178 ad
533 3112 711 3177 Caecinam
735 3130 765 3177 a.
790 3113 833 3176 46
857 3113 1001 3178 triennio
1017 3113 1087 3178 fere
1101 3117 1288 3195 postquam

240 3268 303 3330 res,
329 3250 370 3315 de
393 3250 516 3332 quibus
539 3249 661 3332 agitur,
684 3249 796 3314 factae
819 3254 910 3315 sunt.
947 3250 1160 3331 Quamquam
1184 3251 1291 3330 igitur

241 3405 318 3453 curn
341 3387 395 3453 his
428 3387 543 3453 verbis
565 3387 716 3451 narratio
740 3386 914 3452 Plutarchi
939 3388 1024 3451 bene
1049 3387 1214 3469 congruit,
1240 3391 1291 3452 ta-

242 3543 320 3590 men
343 3524 428 3591 satis
452 3540 575 3589 causae
598 3541 665 3589 non
689 3526 753 3607 est,
777 3541 836 3588 cur
859 3522 925 3587 fide
938 3523 1040 3604 digna
1062 3523 1202 3589 iudicari
1214 3542 1290 3606 pos-

243 3663 298 3728 sit.
345 3661 430 3743 quid
454 3660 568 3725 Cicero
601 3663 683 3725 tunc
707 3660 822 3743 egerit,
847 3660 961 3741 potius
986 3659 1210 3742 colligendum
1234 3667 1290 3726 est

244 3817 286 3863 ex
310 3798 462 3881 epistolis
493 3796 675 3862 eorundem
698 3803 901 3877 temporum.
926 3796 965 3861 in
988 3797 1041 3862 his
1064 3801 1180 3862 auteur
1203 3799 1292 3879 paci·

245 3935 412 4001 ficationis
450 3951 529 4029 nec·
544 3932 624 3999 vola
654 3950 716 3997 nec
739 3932 922 4014 vestigium
946 3937 1080 4000 exstat:
1106 3933 1220 3999 Cicero
1245 3951 1289 3999 ex

245 4071 375 4154 itinere,
399 4088 477 4136 cum
499 4069 650 4135 nondum
673 4068 716 4134 ad
740 4069 859 4134 urbem
883 4070 1094 4155 accessisset,
1119 4071 1171 4135 bis
1194 4071 1291 4136 Pom-

246 4208 359 4289 peium
394 4208 563 4274 convenit.
609 4207 668 4288 Ep.
708 4206 750 4270 ad
783 4205 858 4274 Att.
881 4206 955 4273 VH.
980 4208 1010 4272 4.
1036 4208 1055 4271 2
1079 4205 1155 4289 (scr.
1178 4207 1290 4272 medio
