2970 5032
319 1160 414 1225 Inter
445 1178 513 1242 eos,
544 1159 601 1241 qui
634 1159 675 1223 do
698 1157 873 1223 Plutarchi
897 1155 1103 1223 auctoritate
1126 1157 1160 1220 in
1185 1157 1327 1222 historia

275 1296 518 1370 conscribenda
542 1297 816 1379 disputaverunt,
841 1312 910 1360 una
928 1312 983 1359 res
1000 1297 1146 1377 constat,
1159 1311 1237 1359 eum
1246 1295 1327 1359 mul·

275 1435 321 1502 tis
355 1434 438 1501 locis
471 1434 538 1499 fide
570 1434 710 1515 dignum
744 1450 813 1498 non
848 1449 923 1497 esse
947 1435 982 1497 et
1005 1449 1262 1513 nonnumquam
1286 1449 1326 1496 ea

275 1589 424 1651 narrare,
460 1588 547 1653 quae
581 1571 654 1652 ipse
682 1569 860 1668 nonsatis
884 1569 1063 1651 explorata
1086 1569 1253 1635 habuerit.
1278 1568 1327 1632 At

273 1713 349 1776 tum
386 1710 522 1774 demum
550 1709 615 1774 hoc
638 1709 668 1773 ei
692 1707 824 1773 crimini
847 1707 1052 1773 vertendum
1076 1710 1177 1790 esset,
1202 1707 1230 1772 si
1254 1707 1326 1788 ipse

275 1863 312 1912 se
343 1846 544 1915 historicum
568 1863 642 1911 esse
664 1845 840 1911 voluisset.
886 1844 1001 1926 Longe
1024 1844 1090 1910 alio
1113 1848 1230 1910 autem
1254 1861 1327 1910 con·

275 1984 351 2050 silio
385 2001 422 2050 se
456 1983 557 2049 Vitas
589 2000 670 2048 suas
702 1982 944 2064 conscripsisse
967 1987 1002 2048 et
1025 1983 1089 2052 hoc
1112 1982 1328 2064 potissimum

277 2121 498 2203 spectavisse,
522 2122 563 2185 ut
585 2119 762 2184 hominum
784 2136 897 2184 mores
919 2122 954 2184 et
969 2118 1118 2184 indolem
1130 2123 1328 2200 exponeret,

277 2257 462 2322 identidem
487 2256 613 2321 diserte
636 2254 787 2320 declarat
811 2259 847 2320 et
871 2255 974 2320 etiam
998 2256 1032 2319 in
1056 2255 1139 2321 Vita
1153 2255 1326 2337 Pompeii:

278 2393 392 2476 agitur
416 2393 508 2475 (Cap.
534 2392 625 2467 VIII)
649 2393 691 2457 de
713 2391 755 2457 iis
778 2395 891 2475 rebus,
915 2411 1001 2474 quas
1024 2393 1206 2475 Pompeius
1223 2394 1328 2474 gessit

278 2532 430 2597 adventu
465 2520 579 2595 Sullae
602 2530 635 2594 in
660 2529 816 2612 Italiam;
842 2531 959 2612 paucis
982 2532 1098 2596 verbis
1121 2531 1327 2596 Plutarchus
1373 2619 1376 2623 V

279 2687 320 2735 ea
354 2673 481 2749 narrat,
506 2668 626 2734 deinde
649 2668 698 2734 sic
722 2669 851 2750 pergit:
876 2663 942 2738 „de
960 2663 1082 2742 ἔπραξε
1098 2667 1178 2724 τότε
1194 2666 1330 2742 πράξεις

279 2794 299 2855 ὁ
317 2797 494 2870 Πομπήιος
503 2834 594 2854 .....
614 2796 711 2854 δέδια
727 2804 841 2863 κινεῖν,
859 2795 905 2869 μή
923 2800 1000 2871 περὶ
1017 2797 1059 2853 τὰ
1076 2800 1193 2871 πρῶτα
1203 2799 1330 2867 πολλῆς

280 2915 452 2987 διατριβῆς
476 2908 667 2983 γενομένης,
683 2915 752 2969 τῶν
767 2914 935 2982 μεγίστων
951 2915 1008 2968 καὶ
1024 2911 1172 2981 adtenta
1190 2910 1329 2982 δηλούν-

279 3046 348 3085 των
363 3027 403 3084 τὸ
421 3012 509 3099 ἦθος
524 3024 631 3101 ἔργων
646 3030 704 3084 καὶ
723 3027 937 3098 παθημάτων
957 3030 1019 3083 τοῦ
1036 3022 1160 3100 ἀνδρὸς
1172 3021 1331 3095 ἀπολειφ-

279 3150 425 3217 eumve
470 3150 597 3216 Eodem
631 3151 702 3215 iure
737 3167 803 3232 quo
827 3150 956 3232 reliqua
979 3151 1052 3216 eius
1074 3150 1202 3232 scripta
1225 3142 1330 3218 ἠθικὰ

278 3292 457 3370 vocantur,
493 3287 597 3353 etiam
620 3286 721 3352 Vitas
744 3287 809 3351 hoc
832 3287 968 3352 nomino
991 3286 1182 3368 significare
1204 3287 1330 3367 liceret,

282 3441 392 3505 neque
415 3424 609 3490 mirandum
635 3426 699 3507 est,
723 3424 812 3505 quod
837 3424 947 3488 multa
970 3423 1196 3506 praeterierit,
1221 3422 1330 3488 multa

281 3560 491 3640 negligenter
523 3559 736 3641 tractaverit,
772 3560 919 3626 tortasse
947 3560 1111 3626 nonnulla
1134 3560 1330 3631 mutaverit,

281 3697 463 3762 dummodo
488 3696 672 3762 lectoribus
695 3697 766 3762 suis
778 3697 952 3777 ingenium
964 3713 1143 3778 moresque
1155 3696 1331 3761 hominum

281 3833 425 3898 dilucide
454 3834 664 3915 explanaret.
710 3834 795 3899 Eam
818 3832 992 3899 Plutarchi
1015 3833 1183 3898 rationem
1207 3832 1331 3897 inillis

281 3969 372 4035 Vitis
395 3970 597 4052 praesert'm
622 3970 801 4036 ostendere
821 3987 1015 4052 possumus,
1028 3969 1086 4034 ubi
1102 3969 1170 4034 alia
1182 3970 1330 4035 testimo-

282 4107 339 4171 nia
359 4106 402 4170 ad
425 4123 548 4171 manus
572 4110 663 4172 sunt.
710 4107 797 4170 Tum
820 4105 956 4171 demum
981 4109 1135 4189 apparet,
1148 4105 1334 4188 quaefides

282 4242 464 4309 Plutarcho
489 4242 646 4308 habenda
669 4242 724 4308 sit.
757 4242 864 4322 Quem
887 4245 1005 4307 autem
1029 4242 1062 4306 in
1087 4242 1151 4306 hac
1174 4241 1256 4306 Vita
1277 4259 1331 4323 po·
