2970 5032
710 276 752 340 54

212 474 361 539 amicitia
379 479 476 550 erat.
535 475 620 556 Quid
656 475 770 541 Cicero
804 477 968 560 ambiret,
1009 493 1086 544 cum
1120 476 1268 541 alterius

212 613 396 678 amicitiam
431 617 628 698 quaereret,
664 632 768 697 supra
792 615 860 680 iarn
883 615 1050 697 vidimus,
1075 614 1267 680 sedetiam

212 751 395 832 Pompeius
429 770 492 817 sua
526 755 664 818 tantum
699 770 803 817 causa
839 752 990 818 Ciceroni
1025 769 1062 817 se
1093 751 1265 817 adiunxit.
1377 729 1378 732 ¹

213 889 267 952 Ad
302 894 460 954 senatum
484 907 521 955 se
545 893 749 956 convertens
772 891 881 956 multa
904 894 1104 972 exspectare
1128 893 1268 971 poterat

213 1027 256 1089 ab
281 1027 353 1092 eius
376 1027 527 1110 ingenio,
552 1028 755 1109 praesertim
778 1046 854 1093 cum
872 1027 1172 1093 animadvertisset
1184 1044 1267 1092 eum

212 1164 247 1227 in
271 1164 364 1228 curia
387 1163 464 1245 plus
487 1182 590 1245 quam
613 1168 716 1230 antea
739 1166 854 1232 ualere
877 1169 928 1243 (ἓ).

257 1298 379 1365 Nullae
414 1299 583 1366 Ciceronis
622 1301 665 1366 ad
699 1301 855 1368 Atticum
890 1301 1055 1384 epistolae
1081 1304 1222 1367 exstant
1245 1319 1268 1365 a

214 1453 331 1502 mense
364 1437 451 1501 Maio
486 1455 594 1519 usque
628 1439 671 1504 ad
705 1457 858 1505 mensem
892 1441 1112 1505 Decembrem
1143 1456 1172 1504 a.
1198 1440 1266 1519 61;

214 1575 296 1639 nihii
330 1576 433 1656 igitur
467 1593 510 1640 ex
545 1577 617 1641 eius
644 1578 841 1643 testimonio
865 1578 1030 1643 sciscitari
1055 1577 1152 1660 licet,
1176 1593 1269 1658 quae

214 1729 268 1777 res
302 1716 377 1777 turn
411 1731 432 1777 a
466 1713 606 1778 Lucullo
638 1717 672 1779 et
696 1714 825 1780 Catone
848 1716 882 1779 in
907 1721 1030 1782 senatu
1054 1721 1151 1782 actae
1175 1718 1266 1801 sint;

213 1850 278 1915 hoo
309 1855 446 1916 tantum
479 1856 641 1932 apparet
656 1869 773 1918 mense
797 1853 973 1918 Decembri
997 1854 1106 1920 multa
1129 1859 1267 1922 mutata

215 2007 299 2055 esse.
348 1990 414 2055 Cur
437 1990 527 2055 enim
552 1990 666 2056 Cicero
689 1991 807 2056 Attico
831 2008 868 2056 se
891 1993 1127 2058 excusavisset
1150 1993 1191 2058 de
1207 1994 1268 2059 illa

131 2214 134 2222 .
215 2144 293 2191 cum
328 2127 488 2209 Pompeio
522 2127 767 2210 familiaritate,
797 2129 862 2194 nisi
886 2129 1050 2195 dissensio
1075 2134 1151 2195 orta
1174 2138 1269 2197 esset

214 2265 304 2328 inter
342 2264 541 2345 Pompeium
575 2268 611 2328 et
645 2265 856 2345 optimates?
913 2265 967 2330 Ad
1005 2267 1067 2332 hoc
1102 2269 1268 2350 temporis

216 2405 381 2482 punctum
415 2402 591 2466 referenda
614 2402 775 2468 videntur
798 2421 885 2484 quae
909 2405 1114 2471 Plutarchus
1138 2406 1267 2473 tradit:

216 2539 307 2620 (Cap.
325 2539 448 2615 XLVI)
465 2535 1080 2614 »ἐκπίπτωνδὲκαιπεριωθούμενοςὸ
1092 2543 1269 2614 Πομπήιος

214 2667 415 2741 ἠναγκάζετο
453 2637 666 2742 σνμαρχοῦσι
699 2669 925 2743 προσφεύγειν
958 2673 1016 2726 καὶ
1049 2671 1269 2743 μειρακίοις.”

222 2811 316 2873 Errat
339 2784 456 2872 autem
480 2806 685 2872 Plutarchus
696 2797 859 2888 pergens:
884 2791 955 2872 ,ὧν
972 2802 991 2863 ὁ
1009 2807 1268 2879 βδελυρώτατος

214 2941 271 2994 καὶ
296 2937 514 3012 θρασύτατος
539 2935 694 3008 Κλώδιος
719 2933 900 3006 ἀναλαβών
916 2931 1021 2993 αύτὸν
1037 2931 1202 3008 ὑπέρριψε
1218 2939 1268 3007 τῷ

214 3065 322 3140 δήμῳ,
348 3069 406 3122 καὶ
430 3060 504 3138 παρ’
534 3060 632 3135 ἀξίαν
657 3063 924 3133 καλινδούμενον
941 3067 982 3133 (†)
999 3059 1036 3119 έν
1052 3059 1159 3136 ἀγορᾷ
1178 3058 1268 3133 ἔχων

215 3200 271 3253 καὶ
288 3195 479 3270 περιφέρων
496 3191 619 3267 ἐχρῆτο
628 3196 696 3251 τῶν
704 3194 897 3268 προςχύριν
905 3191 1012 3263 ὄχλου
1021 3196 1078 3249 καὶ
1087 3193 1269 3249 κολακείαν

194 3363 196 3368 -
215 3325 440 3400 γραφομένων
456 3327 513 3382 καὶ
529 3323 723 3407 λεγομένων
732 3326 912 3395 βεβαιωτῇ,
923 3326 980 3379 καὶ
988 3321 1126 3396 προσέτι
1135 3322 1269 3393 μισθὸν

216 3452 298 3528 ᾔτει,
325 3453 436 3528 ὥσπερ
455 3449 496 3511 ού
513 3453 749 3522 καταισχύνων
766 3447 837 3509 ἀλλ’
856 3448 1050 3525 εὐεργετῶν,
1068 3448 1107 3508 ὅν
1123 3449 1268 3524 ύστερον

217 3578 318 3654 έλαβε
344 3583 435 3655 παραὶ
461 3584 652 3652 Πομπηίου,
674 3582 843 3656 προέσθαι
861 3579 1049 3654 Κικέρωνα,
1067 3583 1169 3651 φίλον
1185 3577 1269 3637 ὄντα

217 3721 273 3774 καὶ
295 3721 436 3774 πλεῖστα
460 3717 501 3789 δὴ
524 3715 809 3787 πεπολιτευμένον
836 3712 920 3790 ὑπὲρ
938 3713 1078 3774 αύτοῦ.”
1126 3718 1270 3782 Prorsus

254 3968 283 4041 (g)
303 3968 379 4033 Quod
397 3967 489 4022 Cicero
509 3969 597 4040 lepide
616 3968 773 4040 descripsit:
793 3968 827 4021 ad
849 3968 1005 4024 nn.1.tt.
1027 3967 1104 4022 2-4.

254 4085 291 4159 (Js)
309 4087 353 4141 Sic
367 4088 460 4159 scripsi
471 4105 520 4158 pro
538 4088 645 4158 vulgata
664 4087 794 4141 lectione:
817 4083 1046 4154 καλινδούμενον,
1065 4085 1104 4138 Cf.
1123 4085 1151 4140 C.
1171 4086 1202 4141 G.
1221 4087 1270 4139 Co·

218 4201 270 4255 het.
290 4200 401 4256 Observ.
422 4202 449 4255 in
468 4201 546 4257 Dion.
566 4202 625 4257 Hal.
645 4217 704 4271 pag.
723 4200 767 4254 45.
