2970 5032
262 1687 383 1752 Ultimi
407 1682 487 1753 anni
510 1688 638 1753 liberae
661 1689 866 1771 reipublicae
889 1690 923 1754 id
944 1691 1109 1773 temporis
1122 1692 1272 1774 spatium

219 1832 282 1910 est,
307 1845 373 1908 quo
397 1827 529 1892 nullum
553 1827 644 1892 aliud
661 1845 704 1892 ex
722 1828 814 1893 omni
826 1829 970 1894 historia
982 1831 1138 1917 Romana
1150 1830 1274 1896 melius

219 1965 376 2045 cognosci
410 1969 535 2047 potest.
570 1965 735 2030 Aetatem
769 1965 861 2030 enim
895 1966 1049 2032 tulerunt
1072 1966 1273 2033 testimonia

218 2103 422 2185 aequalium,
447 2104 504 2186 qui
527 2105 667 2170 tametsi
690 2105 726 2168 in
749 2104 861 2169 media
884 2105 1035 2186 partium
1055 2076 1274 2171 contentione

219 2257 287 2305 non
324 2241 417 2325 „sine
451 2241 502 2306 ira
536 2245 571 2306 et
605 2235 740 2306 studio*
776 2241 998 2324 scripserunt,
1023 2245 1139 2307 tamen
1163 2242 1273 2323 primo

115 2360 116 2363 ¹
218 2378 291 2443 loco
327 2377 509 2443 adhibendi
536 2383 628 2461 sunt,
652 2383 693 2443 ut
715 2378 757 2442 de
779 2378 1274 2459 posteriorum·historicorum

219 2515 284 2579 fide
314 2519 350 2579 et
372 2515 579 2580 auctoritate
601 2518 694 2580 recte
717 2514 895 2580 iudicetur.
929 2514 1039 2596 Quum
1063 2515 1167 2596 igitur
1190 2515 1273 2580 mihi

217 2652 452 2733 proposuerim
488 2669 598 2734 pauca
621 2652 656 2716 in
680 2652 830 2717 medium
855 2651 1006 2733 prolerre
1030 2652 1070 2717 de
1093 2653 1135 2718 iis
1158 2653 1273 2736 rehuS,

216 2807 304 2870 quas
327 2790 368 2854 de
391 2789 553 2870 Pompeio
577 2788 784 2854 Plutarchus
807 2789 993 2854 memoriae
1017 2789 1169 2873 tradidit,
1187 2789 1273 2854 nihil

216 2929 259 2992 ad
283 2927 496 3010 propositum
520 2925 809 2992 accommodatius
831 2925 904 2990 fore
925 2926 1057 3008 putavi,
1082 2943 1185 3008 quam
1209 2927 1274 2991 sub

216 3082 324 3130 unum
359 3069 581 3146 conspectum
604 3062 770 3128 subiicere
792 3061 870 3127 illos
894 3061 1064 3127 Ciceronis
1088 3061 1191 3146 locos,
1216 3063 1274 3142 qui

215 3219 293 3267 cum
316 3201 491 3268 Plutarchi
514 3201 588 3267 vita
611 3198 765 3281 Pompeii
789 3197 935 3263 conferri
955 3199 1098 3280 possint,
1112 3204 1151 3263 ut
1163 3202 1274 3264 osten-

215 3340 304 3422 dam,
340 3356 426 3419 quas
449 3355 505 3403 res
527 3336 735 3403 Plutarchus
758 3340 820 3402 aut
843 3335 929 3402 false
953 3339 1014 3400 aut
1036 3353 1159 3418 pamm
1179 3352 1275 3401 accu-
1371 3396 1374 3403 .

214 3481 289 3541 rate
313 3476 516 3543 narraverit.
