2970 5032
731 330 774 392 39

225 514 323 590 ἔσχεν
348 515 394 577 ἐπ’
423 517 531 577 αὐτοῦ
556 521 640 595 πρὸς
663 517 874 596 Ἑρμαγόραν
899 524 960 580 τὸν
983 521 1110 597 ῥήτορα
1127 526 1280 596 περὶτῆς

224 656 379 715 addolor
400 659 565 730 ζητήσεως
587 656 861 731 ἀντιταξάμενος.
909 659 1053 724 Constat
1078 660 1278 741 Pompeium

224 793 277 857 bis
300 792 519 858 Posidonium
543 794 687 877 adiisse,
711 792 1278 875 primo,‚i1leae’maovaqotomdv

221 931 373 1002 πόλεμον
395 928 559 1004 ἐξῆλθεν·
594 931 730 1008 (Strabo
755 932 816 998 XI.
849 935 910 1014 l.);
947 933 1072 998 iterum
1102 933 1275 1016 „confecto

138 1154 140 1160 Ι
222 1065 450 1133 Mithridatico
473 1063 583 1132 bello'’
610 1068 712 1144 (Prin.
734 1068 824 1134 Hist.
849 1068 927 1134 Nat.
952 1068 1026 1134 VII.
1052 1069 1116 1144 31).
1163 1069 1276 1133 Elam

222 1202 337 1269 Cicero
349 1204 498 1285 (Quaest.
512 1204 608 1271 Tusc.
620 1205 662 1270 ll.
677 1206 729 1271 25.
743 1206 797 1280 61)
810 1210 938 1288 narrat,
954 1205 1184 1290 „Pompeium
1198 1222 1275 1270 cum

221 1339 379 1405 Rhodum
404 1341 557 1426 venisset
581 1341 748 1407 decedens
772 1359 815 1406 ex
839 1341 955 1425 Syria,
985 1343 1102 1407 audire
1126 1343 1275 1408 voluisse

220 1477 459 1558 Posidonium;
505 1477 565 1542 sed
600 1495 678 1542 oum
713 1477 865 1543 audisset
900 1496 979 1542 eum
1012 1478 1164 1559 graviter
1199 1496 1275 1543 esse

220 1630 379 1697 aegrum,
415 1614 504 1695 quod
528 1614 749 1679 vehementer
773 1615 846 1679 eius
869 1619 966 1680 artus
989 1615 1195 1698 laborarent,
1220 1633 1274 1680 vo-

220 1749 324 1816 luisse
348 1754 466 1816 tamen
493 1752 742 1818 nobilissimum
765 1752 1005 1834 philosophum
1023 1754 1148 1820 visere:
1172 1771 1273 1834 quem

222 1895 261 1954 ut
291 1890 435 1956 uidisset
469 1894 505 1956 et
537 1891 760 1957 salutavisset
783 1891 1042 1985 honorificisque
1064 1892 1178 1957 verbis
1201 1910 1273 1974 pro-

222 2031 358 2093 secutus
381 2030 473 2093 esset
495 2027 706 2108 molesteque
727 2045 764 2093 se
788 2028 932 2093 dixisset
952 2028 1055 2110 ferre,
1083 2028 1173 2108 quod
1194 2046 1273 2093 eum

220 2179 287 2227 non
310 2167 429 2245 posset
449 2164 584 2246 audire,
609 2166 647 2228 at
669 2163 746 2229 ille:
785 2163 854 2248 „Tu
878 2180 978 2247 vero,
1002 2164 1129 2246 inquit,
1154 2169 1272 2246 potes;

218 2317 280 2367 nec
304 2301 536 2384 committam,
560 2304 600 2365 ut
624 2300 719 2365 dolor
743 2302 894 2381 corporis
918 2300 1054 2384 efficiat,
1083 2306 1122 2366 ut
1144 2301 1273 2367 frustra

216 2441 337 2503 tantus
370 2438 423 2503 vir
457 2438 501 2502 ad
535 2455 590 2502 me
625 2438 768 2502 venerit.
814 2437 937 2518 ltaque
960 2455 1039 2503 eum
1063 2439 1213 2518 graviter
1238 2443 1273 2504 et

217 2574 352 2655 copiose
387 2573 427 2638 de
461 2574 525 2639 hoc
562 2573 652 2656 ipsc,
691 2572 775 2637 nihil
810 2591 885 2638 esse
920 2575 1048 2638 bonum
1081 2575 1146 2639 nisi
1181 2576 1270 2656 quod

216 2715 308 2777 esset
331 2712 531 2793 honestum,
555 2712 739 2775 cubantem
761 2709 1001 2792 disputavisse,
1016 2727 1160 2790 cumque
1173 2711 1270 2791 quasi

215 2849 307 2914 iaces
341 2849 372 2914 ei
407 2848 532 2914 doloris
556 2848 832 2934 admoverentur,
856 2864 959 2928 saepe
985 2847 1131 2913 dixisse:
1159 2848 1269 2932 „Nihil

216 2988 289 3069 agis
313 2986 428 3052 dolori
457 2985 615 3068 quamuis
638 2986 685 3051 sis
708 2984 892 3068 molestus,
917 3002 1105 3065 numquam
1135 2988 1170 3049 te
1194 3002 1270 3050 esse

216 3125 402 3191 confitebor
425 3118 588 3188 malum.''

258 3263 323 3328 His
357 3263 440 3330 locis
469 3262 510 3327 de
534 3260 695 3341 Pompeio
719 3264 754 3324 et
777 3259 957 3325 Posidonio
982 3260 1014 3322 in
1040 3277 1147 3323 unum
1171 3258 1268 3322 colla·
1300 3233 1303 3237 ⁷

213 3402 278 3485 tis,
316 3401 369 3468 vir
404 3400 490 3466 Clar.
526 3398 556 3464 J.
596 3397 691 3462 Bake
728 3396 919 3480 „Posidonii
954 3395 1075 3461 Rhodii
1107 3394 1268 3476 reliquiae

214 3535 409 3607 doctrinae’'
441 3540 490 3604 ita
528 3538 640 3619 pergit
670 3541 758 3617 (pag.
795 3537 868 3611 ill:
898 3535 999 3599 Hunc
1021 3552 1213 3599 sermonem
1236 3542 1268 3612 (a

214 3678 374 3744 Cicerone
397 3678 638 3749 memoratum)
673 3672 848 3761 diversum
871 3689 946 3736 esse
970 3672 1013 3736 ab
1037 3671 1096 3735 illa
1120 3671 1268 3752 disputa-

213 3819 306 3883 tione
339 3817 506 3883 adversus
539 3813 789 3893 Hermagoram
824 3811 913 3887 (vide
949 3809 1124 3874 Plutarchi
1155 3808 1266 3874 locum

213 3973 318 4038 supra
352 3953 540 4026 laudatum)
564 3967 633 4015 non
656 3966 742 4030 opus
766 3952 819 4013 est
842 3951 881 4012 ut
902 3947 1197 4026 demonstremus3
1226 3945 1272 4022 del

212 4102 368 4178 tempore
403 4097 519 4158 autem
553 4090 603 4154 ita
636 4087 736 4152 nobis
769 4085 923 4168 videtur,
970 4084 1060 4148 huno
1096 4082 1266 4147 Ciceronis

213 4236 325 4301 locum
357 4229 572 4297 referendum
607 4243 682 4291 esse
717 4224 760 4288 ad
792 4240 921 4287 annum
950 4221 1084 4303 piratici
1107 4218 1186 4285 belli
1211 4220 1264 4301 67,
