2970 5032
730 332 771 392 δεῖ

218 540 268 575 και
295 523 427 588 ρφοδρῶς
452 520 544 591 λέγειν
560 525 723 588 δοκοῦντος,
758 544 824 586 νους
834 522 1000 591 ἀποκρίσεις
1013 529 1060 581 καὶ
1071 528 1273 598 τετυφωμένας

217 626 234 692 ὁ
254 629 404 701 Πομπήιος
422 629 477 701 ἔφη
496 629 611 686 πάντων
620 630 722 686 ἀδικώ-
757 631 913 700 ποιεῖσθαι,
940 635 1126 705 μετριώτερον
1144 634 1159 691 ὁ
1180 636 1259 705 Κράσ

217 767 304 802 τατον
323 742 397 801 εἶναι
413 741 464 798 τὸν
479 747 682 811 Μαρκελλῖνον,
692 739 724 805 ὃς
759 762 806 806 σος
830 743 917 810 εἶπεν,
937 745 965 801 εἰ
980 749 1013 818 τῇ
1035 745 1116 802 πόλει
1133 746 1271 816 συμφέρει

218 853 301 926 χάριν
327 851 379 909 οὐκ
407 851 471 922 ἔχει.
501 850 593 922 λόγιος
619 838 670 920 μὲν
693 848 722 917 ἐξ
756 852 882 922 μετιέναι
909 854 959 925 τὴν
986 853 1089 926 ἀρχὴν,
1118 855 1145 911 εἰ
1169 855 1200 911 δὲ
1223 854 1269 925 μὴ,

216 963 337 1036 ἀφώνου
366 960 401 1018 δι’
428 959 525 1028 αὐτὸν,
547 958 673 1032 ἐμετικὸς
695 961 726 1016 δὲ
762 967 937 1019 πεπαῦσθαι,

215 1069 251 1129 ἐκ
266 1073 434 1128 πεινατικοῦ
452 1069 610 1141 γενόμενος.

261 1272 455 1338 Consensus
486 1272 607 1337 herurn
632 1271 793 1354 locorum,
819 1291 961 1352 querum
988 1291 1149 1338 numerus
1172 1275 1269 1339 facile

216 1407 334 1489 augeri
358 1411 485 1489 pessel,
499 1411 539 1483 (ἓ)
563 1425 618 1471 me
642 1408 674 1470 in
701 1425 777 1471 eanr
801 1409 994 1492 opinionem
1018 1409 1171 1492 adduxit,
1196 1412 1269 1475 Plu-

152 1633 161 1637 η
215 1545 374 1610 tarchum
397 1543 432 1607 in
456 1544 509 1608 his
532 1543 623 1608 Viris
647 1543 764 1607 ecdem
792 1544 957 1624 temporis
976 1545 1088 1626 spatie
1105 1548 1269 1628 conscrip-

215 1681 263 1747 tis
286 1685 328 1756 (ll
364 1685 502 1763 Praeter
536 1681 649 1745 fontes
673 1682 863 1760 singulares
879 1700 955 1745 ¹unc
980 1685 1151 1748 cummuni
1174 1685 1268 1750 fonte

252 1980 289 2054 (ᾗ)
307 1983 354 2036 cI:
375 1982 468 2053 Ponrp.
489 1999 545 2052 cap.
564 1982 658 2050 XLVI,
668 1983 731 2035 Luc.
749 2000 805 2052 cap.
827 1983 906 2044 XLII,
925 1984 978 2036 Cic.
989 2000 1046 2054 cap.
1057 1985 1160 2051 XXXI;
1173 1985 1266 2056 Ροιιιμ.

217 2111 273 2167 cap.
295 2095 415 2163 XLVIII,
433 2096 486 2149 Cic.
509 2112 565 2166 cap.
585 2095 697 2149 XXXIII
709 2114 715 2162 ς
728 2096 821 2165 Pernp.
833 2112 890 2166 cap.
901 2096 995 2164 XLIX,
1004 2097 1057 2149 Cic.
1069 2113 1125 2167 cap.
1137 2097 1248 2150 XXXIII
1261 2117 1267 2165 3

219 2214 311 2285 Pomp.
343 2231 400 2285 cap,
429 2214 486 2282 LII,
512 2215 577 2268 Calo
599 2214 664 2271 Min.
684 2231 740 2284 cap.
760 2214 820 2267 XLI
838 2232 905 2284 sqq,
928 2216 1020 2286 Pomp.
1038 2233 1096 2286 cap.
1115 2216 1184 2282 LIV,
1202 2215 1267 2270 Cain
1303 2272 1306 2277 ,

215 2329 281 2384 nin.
302 2345 359 2398 cap.
383 2327 488 2397 XLVII,
507 2327 584 2380 Caes
603 2343 659 2396 cap.
683 2326 810 2394 XXVIII;
831 2327 923 2398 Pomp.
946 2345 1003 2398 rap.
1023 2328 1090 2397 LVI,
1112 2329 1188 2383 Caes.
1208 2347 1268 2399 cap.

216 2439 320 2508 XXIX3
348 2440 441 2509 Pomp.
461 2456 519 2509 cap.
537 2438 630 2506 LVIII,
648 2439 723 2491 Caes.
743 2455 800 2508 cap.
819 2439 911 2506 XXX,
937 2440 1028 2510 Pomp.
1051 2457 1108 2510 cap.
1128 2442 1184 2509 LX,
1203 2441 1267 2494 Catu

216 2554 280 2615 Min.
300 2571 357 2624 cap.
376 2553 440 2620 LII;
459 2559 509 2607 elc.
534 2561 582 2591 —'

251 2666 294 2740 (†)
312 2668 342 2722 Iu
360 2667 482 2721 Caesaris
502 2666 563 2720 Vita
583 2666 743 2718 Plutarchus
762 2665 802 2718 Iris
817 2670 927 2718 annelat
936 2683 964 2717 se
974 2666 1094 2736 Pompeii
1106 2667 1195 2720 Vitarn
1205 2684 1266 2719 can·

214 2760 380 2850 scripturum
399 2797 471 2834 esse:

252 2894 329 2951 Gaea
359 2911 421 2965 cap.
440 2893 548 2946 XXXV.
568 2893 683 2946 Caesare
702 2892 860 2946 adveniente
880 2891 1025 2961 Pompeius
1045 2892 1218 2945 Brundisium
1238 2911 1265 2944 se

209 3008 327 3063 'contulit
345 3013 372 3061 et
390 3007 470 3077 paulo
492 3011 551 3076 post
570 3005 597 3059 in
616 3005 758 3059 Graeciam
777 3005 890 3072 traiecit,
908 2999 945 3064 ὡς
963 2998 994 3057 ἐν
1011 3001 1265 3072 τοῖςπερὶὲκείνου

215 3117 443 3191 γραφησομένοις
461 3115 496 3172 τὰ
514 3113 581 3172 καθ’
601 3112 722 3172 ἕκαστον
739 3115 943 3186 δηλωθήσεται.

251 3231 328 3287 Occu⁴
367 3247 431 3300 cup.
467 3228 547 3281 XLV.
572 3221 632 3279 'All'
663 3218 745 3287 οὗτος
772 3226 941 3297 (Pompeius)
967 3222 1018 3294 μὲν
1045 3225 1120 3286 οἵοις
1145 3221 1265 3294 ὕστερον

213 3340 388 3412 χρησάμενος
405 3338 512 3409 τύχαι-ς,
530 3335 606 3400 ὅπως
625 3358 653 3392 τε
672 3334 821 3405 παραδοὺς
840 3331 943 3391 ἑαυτὸν
960 3343 1019 3399 τοῖς
1036 3335 1197 3407 Αἰγυπτίοις
1215 3336 1263 3393 ἀν-

215 3452 316 3520 δράσιν
333 3447 471 3522 ἀνῃρέθη,
490 3449 630 3517 δηλοῦμεν
648 3442 679 3500 ἒν
696 3452 754 3507 τοῖς
771 3444 837 3513 περὶ
856 3441 965 3500 ἐκείνου
983 3441 1148 3514 γράμμασιν.

248 3561 382 3615 Praesens
413 3564 518 3628 ternpus
543 3539 716 3625 ι)δηλοῦμεν”
736 3556 800 3609 satis
819 3555 942 3621 ostendit,
962 3557 1139 3610 Plutarchum
1160 3563 1218 3612 turn
1238 3565 1264 3612 et

211 3676 338 3731 Caesaris
357 3680 385 3728 el.
403 3672 523 3742 Pompeii
541 3670 603 3724 Vita
621 3674 780 3739 occupatum
799 3669 889 3722 fuisse.

248 3789 279 3845 In
297 3787 405 3842 Catonis
424 3785 486 3838 Vita
504 3783 627 3853 Pompeii
647 3782 708 3835 Vlla
727 3782 841 3835 citatur:

248 3903 313 3958 Cato
340 3919 398 3971 cap.
429 3898 502 3952 LIV:
525 3897 641 3949 »Τοῦτο
660 3895 812 3967 (depugna
831 3896 998 3964 Pharsalica)
1017 3892 1068 3962 μὲν
1086 3887 1138 3948 οὖν
1156 3889 1187 3949 ἐν
1204 3903 1263 3958 τοῖς

210 4015 278 4084 περὶ
295 4013 447 4083 Πομπηίου
465 4008 628 4080 γέγραπται.

248 4124 392 4178 Praeterea
421 4119 639 4174 narratiunculae
666 4117 700 4170 de
724 4117 832 4183 Catane,
849 4132 920 4185 quac
937 4116 1031 4185 Pomp.
1052 4132 1108 4185 cap.
1128 4114 1175 4167 XL
1195 4114 1263 4184 (Λιι-

128 4273 130 4277 ’
211 4239 325 4295 tiochiae
344 4236 445 4290 incolas
464 4233 592 4286 Catonern
614 4231 742 4284 Ilernelrii
763 4232 819 4283 leco
838 4228 1006 4297 salutavissc)
1025 4234 1052 4281 ct
1069 4244 1126 4298 cap.
1146 4226 1192 4279 LV
1202 4226 1262 4290 (Ca-
