2970 5032
735 352 775 415 77

214 547 366 612 inaudito
401 546 617 613 consulatum
648 550 813 630 petebant
840 551 881 625 (ἓ)
904 547 1083 632 Domitius,
1108 548 1266 614 Messalla

214 684 363 750 Scaurus
387 687 423 749 et
444 684 633 751 Memmius,
662 685 702 751 cf.
727 686 787 768 Ep.
816 686 859 751 ad
881 686 955 752 Att.
980 685 1039 751 IV.
1068 687 1119 753 15.
1145 688 1174 752 7.
1188 691 1264 763 (scr.

214 824 343 887 Romae
377 839 407 887 a.
444 822 474 887 d.
511 821 560 887 IV
591 822 666 888 Kal.
701 822 829 900 Sexti:
867 823 1082 909 „Memmium
1111 823 1266 889 Caesaris

215 975 439 1040 omnesones
475 959 701 1043 confirmant;
726 977 804 1025 cum
832 978 872 1026 eo
893 960 1081 1026 Domitium
1109 962 1266 1028 consules

173 1193 179 1199 „
213 1098 409 1179 iunxerunt,
451 1114 519 1177 qua
556 1097 715 1179 pactione
750 1097 914 1179 epistolae
962 1099 1176 1164 committere
1197 1117 1265 1165 non

214 1234 333 1300 audeo,
380 1233 562 1316 Pompeius
584 1234 709 1318 fremit,
734 1236 896 1320 queritur,
925 1236 1052 1303 Scauro
1065 1229 1192 1322 studet,
1206 1241 1265 1304 sed

214 1376 330 1437 utrum
357 1371 469 1438 fronte
493 1390 537 1437 an
560 1372 886 1440 montedubitatur.
911 1384 1012 1460 ἐξοχὴ
1032 1375 1066 1439 in
1082 1374 1176 1441 nullo
1189 1380 1263 1459 est;

213 1509 357 1589 pecunia
385 1506 537 1574 omnium
564 1509 767 1590 dignitatem
789 1515 969 1592 exaequat.
1016 1512 1176 1578 Messalla
1199 1514 1267 1579 lan·

214 1635 305 1729 gu'er,
330 1664 398 1711 non
422 1663 488 1727 quo
513 1648 575 1711 aut
597 1646 731 1712 animus
755 1646 844 1712 desit
867 1650 928 1712 aut
949 1648 1059 1733 amici,
1084 1650 1144 1714 sed
1165 1651 1264 1718 coitio

214 1782 392 1849 consulum
421 1786 456 1848 et
486 1782 669 1864 Pompeius
698 1784 833 1849 obsunt.
857 1800 897 1848 ea
922 1785 1059 1851 comitia
1081 1792 1165 1868 puto
1193 1789 1264 1854 foro

215 1925 254 1986 ut
285 1920 463 1985 ducantur.
496 1919 667 1984 tribunicii
693 1919 864 1985 candidati
883 1921 1041 1988 iurarunt
1061 1941 1098 1987 se
1125 1925 1265 1990 arbitrio

217 2057 354 2124 Catonis
389 2057 580 2139 petituros:
614 2057 705 2139 apud
743 2074 821 2122 eum
863 2057 943 2124 Hs.
968 2059 1139 2140 quingena
1168 2064 1264 2145 depo·

216 2199 366 2280 suerunt,
390 2199 430 2260 ut
457 2196 514 2276 qui
537 2213 557 2259 a
581 2195 709 2261 Catone
734 2195 918 2261 damnatus
941 2202 1042 2282 esset,
1062 2199 1096 2262 ld
1109 2186 1266 2281 perderet

216 2338 251 2399 et
274 2333 554 2415 competitoribus
579 2329 819 2399 tribueretur.'’
866 2335 960 2400 idem
986 2336 1027 2401 de
1051 2336 1180 2404 Catone
1193 2340 1266 2406 Plu·

215 2472 355 2536 tarchus
390 2473 524 2536 narrat:
560 2471 656 2559 (Cato
686 2471 764 2536 Min.
789 2471 870 2553 Cap.
897 2473 1020 2548 XLIV)
1046 2477 1187 2554 »ἔδοξεν
1203 2471 1265 2543 οὖν

216 2615 332 2687 αὐτοῖς
364 2615 412 2687 εἰς
445 2612 551 2672 ταύτὸ
580 2619 788 2674 συνελθοῦσι
814 2618 1075 2692 παραβαλέσθαι
1102 2623 1265 2694 δραχμῶν

216 2742 357 2804 ἕκαστον
374 2742 537 2820 ἀργυρίου
555 2745 700 2803 δεκαδύο
719 2743 822 2819 ἥμισυ
840 2747 1018 2822 μυριάδας,
1030 2736 1103 2805 εἶτα
1113 2750 1265 2818 μετιέναι

213 2882 273 2951 τὴν
290 2876 398 2953 ἀρχὴν
414 2877 541 2948 πάντας
557 2873 675 2951 ὀρθῶς
690 2881 747 2935 καὶ
768 2880 916 2950 δικαίως·
934 2874 995 2936 τόν
1012 2880 1049 2937 δὲ
1067 2880 1265 2954 παραβάντα

212 3012 269 3065 καὶ
286 3007 500 3082 χρησάμενον
520 3009 676 3081 δεκασμῷ
695 3007 879 3082 στέρεσθαι
888 3012 950 3065 τοῦ
960 3005 1135 3084 άργυρὶου.
1148 3013 1261 3067 Ταῦτα

212 3135 482 3210 ὁμολογήσαντες
500 3134 678 3210 αἱροῦνται
696 3137 835 3210 φύλακα
851 3140 908 3193 καὶ
917 3138 1104 3211 βραβευτὴν
1114 3141 1171 3194 καὶ
1180 3138 1264 3213 μάρ-

214 3287 299 3342 τυρα
316 3267 377 3324 τὸν
396 3266 543 3323 Κάτωνα
567 3268 624 3321 καὶ
642 3265 798 3338 χρήματα
817 3264 980 3339 φέροντες
998 3261 1115 3339 ε’κεὶνῳ
1131 3269 1265 3340 παρετί-

214 3401 319 3452 θεντο
343 3398 400 3452 καὶ
426 3395 488 3465 τὰς
514 3394 686 3466 συνθήκας
711 3390 904 3467 ἐγράψαντο
930 3395 1014 3468 πρὸς
1042 3390 1173 3452 ἐκεῖνον
1190 3392 1264 3453 άντὶ

215 3527 282 3580 τῶν
298 3523 481 3598 χρημάτων
498 3520 659 3595 ἐγγυητάς
676 3523 836 3594 λαβόντα,
847 3523 888 3579 τά
900 3523 938 3580 δὲ
947 3523 1105 3598 χρήματα
1114 3525 1160 3596 μὴ
1171 3524 1265 3595 δεξά-

213 3648 343 3718 μενον.”

261 3785 383 3850 Paucis
405 3787 580 3851 mensibus
615 3791 694 3868 post
717 3802 772 3850 res
795 3785 943 3850 fluxerat
966 3785 1010 3849 ad
1032 3786 1265 3867 interregnum

216 3928 251 3989 ct
274 3922 404 3988 multus
427 3927 502 3987 erat
526 3940 637 3989 sermo
662 3924 703 3987 de
728 3923 915 3987 dictatura:
939 3923 999 4003 Ep.
1025 3922 1067 3986 ad
1092 3907 1127 4003 Q
1152 3923 1192 3987 ir.
1206 3923 1264 3991 Ill.

718 4137 1244 4150 -um—-q

252 4246 671 4341 mmmoenma
