2970 5032
722 329 762 392 57

213 527 309 592 uenti
332 526 432 592 valde
456 531 538 592 sunt
560 527 714 611 secundi,
739 527 842 592 reddo
866 526 1056 610 meliorem,
1085 544 1168 591 num
1195 530 1265 591 tan·

214 669 289 729 turn
324 665 445 730 obsum
468 664 673 746 reipublicae
685 667 724 730 ?''
775 664 910 746 Scripta
935 667 988 730 est
1014 665 1099 729 haec
1122 663 1266 745 epistola

165 893 166 896 Ἴ
214 818 332 866 mense
354 802 450 867 Iunio
478 821 508 867 a.
534 804 597 884 60;
622 802 677 871 lex
700 802 820 867 Flavia
829 802 872 867 ad
885 801 1028 866 nihilum
1041 801 1179 866 redacta
1192 805 1266 866 erat

214 939 337 1023 („quod
377 939 418 1004 de
452 939 586 1020 agraria
621 939 695 1020 lege
730 939 882 1023 quaeris,
918 955 1001 1004 sane
1035 938 1104 1002 iam
1131 937 1266 1002 videtur

213 1073 442 1158 1·efrixisse”);
476 1056 655 1143 instabant
687 1081 803 1143 autern
836 1076 973 1143 comitia
1008 1075 1199 1141 consularia
1232 1079 1267 1139 et

215 1213 340 1279 Caesar
373 1215 502 1280 Romae
533 1216 799 1297 exspectabatur
834 1213 1031 1300 („Lucceius
1060 1214 1139 1295 quid
1163 1218 1264 1296 agat,

214 1351 362 1416 scribam
396 1352 439 1416 ad
470 1356 530 1450 te,
569 1370 647 1417 curn
683 1351 863 1417 Caesarem
897 1352 1035 1434 videro,
1069 1351 1127 1436 qui
1157 1351 1266 1416 aderit

214 1486 360 1564 biduo'').
407 1489 466 1571 Ep.
502 1489 546 1553 ad
580 1489 657 1554 Att.
689 1489 714 1554 Ι.
750 1491 800 1556 17.
828 1490 866 1553 11
901 1494 976 1566 (scr.
1000 1490 1129 1554 Romae
1151 1488 1267 1553 Mense

213 1629 392 1694 Decembri
427 1646 457 1694 a.
492 1629 547 1702 61)
587 1628 643 1709 qui
668 1627 883 1693 consulatum
907 1628 1047 1709 petituri
1069 1631 1168 1693 erant
1191 1644 1267 1692 enu-

215 1768 412 1830 merantur:
436 1763 619 1847 Lucceius,
645 1763 770 1830 Caesar
793 1768 829 1829 et
851 1763 1003 1829 Bibulus.
1044 1764 1099 1828 Ad
1123 1764 1265 1829 eandem

215 1919 287 1966 rem
311 1905 446 1983 spectat
468 1901 558 1982 quod
582 1901 696 1967 Cicero
720 1901 838 1967 scribit
861 1901 894 1978 (i.
919 1901 971 1984 i),
994 1900 1130 1966 Caesari
1142 1904 1266 1965 ventos

215 2039 316 2104 valde
339 2039 506 2106 secundos
529 2056 614 2105 esse.
661 2039 736 2104 Hoc
759 2038 862 2119 igitur
886 2042 1043 2104 constat:
1068 2037 1183 2103 Mense
1208 2037 1266 2102 De·

215 2178 342 2242 cembri
375 2195 405 2243 a.
442 2177 484 2241 61
514 2177 582 2241 iarn
606 2180 767 2243 notares
790 2180 885 2259 erat,
911 2175 1091 2241 Caesarem
1114 2176 1266 2240 animum

213 2314 388 2380 induxisse
419 2319 462 2380 ut
494 2314 711 2380 consulatum
734 2318 887 2397 peteret;
913 2318 1099 2396 antequam
1121 2314 1267 2379 Romam
1338 2309 1340 2313 ’

213 2452 328 2533 rediit,
364 2451 394 2516 ei
417 2451 513 2517 venti
535 2450 636 2516 valde
660 2451 799 2516 secundi
823 2454 936 2534 erant,
960 2452 981 2517 i.
1006 2469 1034 2516 e.
1060 2453 1174 2517 certus
1197 2449 1266 2514 fere
1300 2457 1303 2463 '

213 2588 332 2655 consul
366 2590 562 2670 putabatur.
610 2588 724 2653 Cicero
740 2680 742 2684 μ
759 2591 876 2652 autem
911 2588 975 2652 hoc
998 2588 1150 2652 scribens
1173 2588 1265 2651 nullo

175 2700 179 2707 ¹
213 2728 318 2792 verbo
352 2730 614 2807 commemorat,
650 2725 746 2791 illurn
770 2726 834 2790 hac
858 2726 892 2789 in
917 2743 954 2791 re
977 2743 998 2790 a
1021 2725 1182 2806 Pompeio
1206 2728 1267 2788 aut

213 2884 234 2930 a
274 2865 395 2930 Crasso
430 2835 586 2929 adiutum
616 2854 703 2929 esse.
753 2864 801 2927 De
836 2863 958 2927 horum
985 2861 1265 2927 triumvirorum

213 2999 449 3065 coniunctione
482 3001 692 3066 mentionem
726 3001 808 3066 facit
842 2999 997 3081 sequenti
1028 2999 1186 3081 epistola,
1210 3001 1265 3076 (ad

213 3136 288 3202 Att.
322 3136 363 3202 H.
400 3138 432 3211 3)
467 3137 594 3219 scripta
626 3138 755 3203 Romae
790 3154 907 3202 mense
941 3103 1119 3201 Decembri
1146 3154 1175 3201 a.
1201 3138 1262 3214 60,

214 3273 315 3354 idque
349 3274 391 3340 iis
425 3276 557 3358 verbis,
604 3278 644 3339 ut
682 3275 808 3356 aliquid
844 3274 924 3340 novi
958 3274 1063 3340 fuisse
1095 3273 1262 3339 videatur.

213 3412 427 3493 Quamquam
450 3414 554 3494 igitur
576 3413 782 3479 Plutarchus
805 3431 877 3478 rem
901 3413 950 3479 sic
969 3413 1110 3495 exponit
1122 3417 1173 3495 (ἓ),
1187 3431 1264 3494 qua·

152 3535 158 3542 ⁵
214 3548 243 3613 si
278 3550 423 3635 primus,
460 3550 517 3631 qui
553 3551 685 3634 dicitur,
720 3551 960 3616 triumviratus
982 3550 1051 3615 iam
1075 3551 1261 3632 exstiterit,

211 3689 397 3767 antequam
432 3687 557 3754 Caesar
592 3689 710 3754 consul
744 3692 926 3771 crearetur,
951 3692 986 3754 et
1008 3687 1197 3753 Mommsen
1220 3692 1262 3764 (†)

213 3824 356 3888 eandem
380 3826 588 3891 sententiam
610 3826 774 3910 sequitur,
798 3826 1004 3909 probabilior
1027 3825 1110 3890 mihi
1129 3826 1263 3890 videtur

250 4142 287 4214 (fi)
307 4143 340 4196 cs.
362 4143 433 4198 Plut.
455 4144 530 4198 Caes
552 4145 614 4216 Cap.
633 4146 703 4199 xlv.

247 4255 285 4328 (†)
304 4256 454 4310 Mommsen
472 4258 505 4310 R.
525 4257 556 4311 G.
575 4257 620 4311 ΙΙΙ.
638 4275 689 4328 pag
715 4258 776 4312 197.
