2970 5032
784 327 826 390 36

278 527 419 592 retinuit
449 526 614 607 regium.''
655 525 868 606 Sequuntur:
893 525 1029 610 „itaque
1050 525 1123 607 ipse
1148 525 1330 606 Pompeius

278 681 382 744 regno
406 680 576 746 possesso,
604 681 647 728 ex
672 662 830 728 omnibus
843 662 910 728 oris
924 679 964 727 ao
976 662 1067 728 notis
1081 662 1219 727 sedibus
1232 662 1331 728 hoste

278 801 387 885 pulso,
412 804 549 867 tantum
573 801 608 865 in
631 801 733 866 unius
756 800 871 865 anima
893 801 1018 884 posuit,
1042 804 1082 866 ut
1105 818 1183 866 oum
1205 801 1329 882 omnia,

278 955 364 1019 quae
387 937 444 1003 iile
460 912 629 1021 tenuer'at,
640 937 781 1020 adierat,
795 940 961 1020 sperarat,
974 938 1118 1003 victoria
1130 938 1330 1020 possideret,

277 1081 394 1142 tamen
418 1093 486 1142 non
513 1079 594 1141 ante
617 1092 720 1157 quam
743 1074 846 1141 iilum
864 1075 938 1142 vita
962 1075 1094 1157 expulit
1118 1077 1331 1145 bellumdon-

277 1215 405 1280 feotum
426 1209 621 1279 iudicavit.”
645 1213 697 1276 Ex
724 1213 778 1278 his
800 1212 916 1279 verbis
937 1217 1082 1295 apparet
1103 1231 1142 1279 eo
1166 1218 1330 1298 tempore,

278 1371 344 1434 quo
368 1352 483 1417 Cioero
506 1351 681 1417 Murenam
707 1351 866 1435 defendit,
892 1354 1039 1416 mortem
1052 1351 1258 1418 Mithridatis
1271 1354 1332 1418 Ro·

277 1509 354 1556 mae
377 1493 497 1556 notam
517 1490 632 1556 fuisse.
657 1490 744 1555 Tum
768 1489 938 1556 Ciceronis
962 1490 1162 1556 consulatus
1188 1491 1223 1555 in
1236 1492 1332 1557 exitu

279 1632 362 1711 erat,
397 1626 542 1704 Catilina
572 1626 642 1691 iam
674 1626 858 1707 reliquerat
896 1617 1027 1707 urbem,
1064 1627 1147 1692 Cato
1173 1628 1332 1694 tribunus

279 1766 479 1846 designatus
511 1763 661 1829 nondum
698 1762 940 1843 magistratum
970 1763 1112 1829 adierat.
1139 1767 1180 1841 d)
1216 1765 1331 1830 Oratio

277 1903 381 1983 igitur
401 1900 521 1965 habita
544 1903 598 1965 est
620 1898 751 1964 ultimis
771 1898 891 1964 diebus
914 1900 1042 1964 mensis
1054 1900 1259 1966 Novembris
1272 1906 1333 1967 aut

278 2038 396 2119 primis
420 2037 539 2102 diebus
563 2035 691 2100 mensis
713 2034 910 2100 Decembris
933 2035 1014 2099 anni
1037 2037 1090 2102 63.
1118 2036 1219 2101 Initio
1231 2037 1333 2102 huius

278 2175 358 2239 anni
377 2172 592 2238 Mithridates
616 2171 727 2236 adhue
750 2171 902 2255 vivebat,
928 2172 983 2238 vel
1006 2173 1132 2238 saltem
1155 2174 1228 2239 eius
1240 2192 1333 2240 mors
1441 2242 1443 2247 .

271 2310 431 2408 ¹nondum
454 2310 584 2375 Romae
606 2309 875 2390 percrebruerat.
901 2309 941 2374 of.
967 2309 1033 2374 Cic.
1059 2310 1100 2374 de
1123 2309 1331 2392 legeagrii.

283 2448 333 2512 19.
354 2447 406 2512 52.
434 2445 606 2531 „nondum
629 2444 718 2510 bello
742 2445 906 2526 confecto,
932 2463 1010 2514 oum
1029 2431 1334 2512 rex'amissoexer-

280 2568 370 2667 citu,
402 2600 506 2665 regno
538 2582 702 2664 expulsus
723 2586 840 2647 tamen
863 2582 897 2646 in
921 2582 1051 2649 ultimis
1075 2584 1177 2648 terris
1205 2583 1330 2665 aliquid

280 2721 384 2786 etiam
419 2736 510 2784 nuno
544 2718 704 2784 moliatur
738 2722 842 2800 atque
873 2719 916 2784 ab
949 2719 1079 2784 invicta
1101 2720 1159 2785 On.
1181 2721 1333 2802 Pompeii

279 2875 383 2922 manu
409 2856 542 2921 Maeote
570 2858 605 2919 et
627 2854 694 2920 iilis
717 2820 899 2936 paludibus
922 2858 957 2920 et
979 2855 1140 2921 itinerum
1165 2836 1334 2937 angustiis
1360 2893 1363 2899 ·

273 2974 382 3077 vatque
405 2993 586 3060 altitudine
609 2993 777 3058 montium
801 2991 1021 3074 defendatur,
1047 3010 1123 3058 oum
1147 2994 1334 3076 imperator

279 3136 313 3198 in
335 3133 423 3199 bello
447 3135 614 3215 versetur,
637 3148 696 3197 eos
719 3148 838 3211 agros,
920 3128 955 3195 X
978 3131 1043 3196 viri
1066 3131 1265 3197 vendent?’'
1296 3167 1328 3176 -

323 3407 363 3471 In
398 3406 578 3487 Tigranem
607 3405 807 3486 Pompeium
831 3404 1034 3470 elementem
1058 3423 1096 3470 se
1119 3382 1355 3488 praestitisse

280 3543 395 3636 Cicero
431 3540 620 3625 confirmat,
655 3546 727 3622 (pro
762 3537 872 3607 Sestio
904 3543 957 3608 27.
992 3543 1056 3617 58).
1079 3523 1225 3608 Prorsus
1249 3544 1332 3608 haee

288 3801 660 3815 .....--..--.-.-——-

313 3999 350 4073 (ἓ)
368 4000 421 4054 Cio.
441 4017 489 4071 pro
507 4001 624 4055 Murena
645 3998 688 4054 37.
708 3998 751 4053 80.

388 4138 401 4171 r>
460 4137 472 4170 a
566 4137 579 4172 r)
649 4117 692 4171 37.
711 4117 752 4170 78.

387 4257 400 4290 r>
459 4257 471 4290 r)
567 4256 580 4290 r>
648 4202 691 4292 38.
710 4235 753 4289 81.
