2970 5032
789 279 831 344 22

287 481 504 548 tribuniciam
539 484 748 564 potestatem
782 481 943 548 restituit.
970 481 1062 565 (Cap.
1086 482 1221 558 XXIX)
1244 483 1338 549 idem

287 619 335 684 illi
357 621 594 690 βασκαίνοντες
616 619 769 700 Pompeii
782 619 960 685 lenitatem
972 620 1216 702 vituperabant
1224 621 1258 685 11
1274 638 1336 688 eos

287 756 484 840 praedones,
508 774 593 837 quos
616 756 714 822 vivos
738 756 837 837 cepit.

287 933 289 937 .
330 893 399 960 Fac
425 894 647 960 Plutarchum
669 893 816 975 aliquem
840 898 1014 961 auctorem
1037 898 1192 960 secutum
1204 913 1280 962 esse
1291 913 1338 962 ex

286 1032 343 1099 illo
367 1031 435 1088 τῶν
451 1029 702 1100 βασκαινόντων
725 1049 881 1115 numero,
897 1035 972 1097 tum
985 1049 1118 1113 quoquo
1129 1033 1264 1099 illarum
1276 1034 1336 1099 ori·

287 1171 511 1236 minationum
534 1169 617 1233 nihil
640 1168 711 1234 fere
733 1168 972 1250 redarguisset.
1020 1169 1086 1235 Sed
1109 1171 1208 1251 longe
1233 1187 1334 1236 secus

288 1323 342 1372 res
375 1323 450 1372 sese
473 1306 586 1371 habet.
633 1305 820 1370 Excusavit
843 1305 933 1370 enim
957 1323 1044 1387 quae
1067 1307 1222 1372 excusari
1245 1311 1337 1389 pote·

288 1447 389 1510 rant:
414 1443 506 1524 (Cap.
529 1441 625 1517 XVI)
648 1441 808 1524 Pompeio
832 1460 900 1508 non
924 1442 1043 1509 Catulo
1062 1442 1169 1509 maior
1181 1461 1262 1527 pars
1280 1444 1337 1509 tri-

289 1582 404 1647 buitur
434 1581 470 1645 in
501 1599 540 1647 eo
567 1580 719 1656 tumultu
739 1562 899 1664 sedando,
924 1599 1025 1662 quem
1044 1582 1191 1664 Lepidus
1212 1582 1336 1647 excita·

196 1764 198 1771 ,
290 1722 396 1802 verat,
421 1718 512 1800 (Cap.
536 1717 764 1791 XVII-XX)
787 1717 918 1783 Luculli
942 1719 1093 1785 convicio
1106 1737 1245 1801 prorsus
1262 1737 1336 1785 con·

288 1855 394 1921 111111
417 1860 509 1937 sunt,
532 1843 619 1937 quae
646 1856 799 1921 debello
823 1855 1017 1922 Sertoriano
1041 1856 1234 1939 traduntur,
1261 1857 1336 1922 Per-

289 2009 487 2074 pennaeque
510 2010 602 2058 mors
626 2009 644 2058 e
668 1993 840 2074 republica
857 2009 932 2059 esse
944 1992 1122 2077 iudicatur,
1139 2000 1223 2076 (cap.
1235 1994 1334 2068 XXI)

210 2203 213 2210 ι
289 2129 505 2194 tribuniciam
542 2131 750 2211 potestatem
773 2129 964 2195 restituisse
988 2129 1120 2214 dicitur,
1145 2135 1185 2196 ut
1211 2130 1334 2211 populo

290 2266 430 2331 meritas
453 2265 581 2346 gratias
608 2263 757 2330 referret.
783 2265 903 2330 Omnia
927 2264 1071 2348 denique
1095 2283 1181 2346 quae
1197 2266 1335 2347 inprae-

290 2404 394 2468 dones
420 2401 580 2467 statuerit
602 2406 685 2484 (cap.
710 2401 855 2485 XXIX),
877 2401 1093 2468 aPlutarcho
1106 2403 1288 2468 laudantur
1300 2405 1335 2467 et

242 2553 251 2568 ·
289 2539 523 2605 defenduntur.
537 2539 683 2604 Restant
694 2555 744 2621 ea,
757 2554 843 2619 quae
855 2537 938 2602 nihil
948 2539 1178 2604 excusationis
1187 2539 1334 2604 habent:

289 2676 466 2758 perfidiose
497 2675 643 2740 Brutum
672 2675 803 2758 occidit,
833 2675 1089 2756 vaniloquentia
1109 2694 1192 2742 usus
1216 2680 1269 2741 est
1292 2675 1335 2740 ad

290 2815 448 2878 senatum
482 2811 633 2877 scribens
665 2829 702 2876 se
729 2811 893 2876 radicitus
917 2811 1045 2877 bellum
1072 2813 1195 2878 servile
1218 2812 1336 2878 exstir-

290 2967 401 3033 passe,
435 2948 572 3030 indigne
600 2946 773 3012 Metellum
796 2947 965 3013 Creticum
991 2949 1164 3015 tractavit.
1210 2950 1259 3015 De
1283 2950 1335 3015 his

290 3089 392 3152 rebus
425 3084 628 3150 Plutarchus
653 3101 868 3165 nequaquam
895 3081 1095 3166 Pompeium
1118 3104 1262 3168 purgare
1286 3105 1334 3153 oo·

289 3229 416 3306 natur;
439 3223 555 3304 itaque
575 3224 750 3286 auctorem
772 3221 927 3286 neutrius
954 3221 1062 3302 partis
1089 3224 1201 3289 studio
1226 3242 1335 3289 occae-

290 3367 405 3428 catum
438 3360 631 3426 adhibuisse
664 3358 810 3424 videtur.
865 3359 975 3440 Quum
1004 3360 1107 3440 igitur
1138 3361 1335 3428 coniecerim

289 3498 530 3579 Theophanem
552 3496 625 3562 sive
647 3513 748 3576 quem
760 3493 873 3578 alium,
891 3495 947 3576 qui
959 3496 1119 3577 Pompeio
1132 3497 1251 3564 favens
1263 3500 1334 3565 eius

289 3634 407 3700 Vitam
430 3633 666 3716 composuerit,
690 3632 810 3714 prioris
833 3631 934 3696 huius
956 3632 1058 3698 Vitae
1080 3634 1188 3715 partis
1206 3635 1334 3702 iontem

291 3771 488 3853 primarium
508 3770 622 3854 tuisse,
645 3769 777 3835 1111111
801 3768 854 3832 his
878 3767 1046 3849 capitibus
1073 3770 1229 3838 fallacem
1241 3773 1336 3838 illum

292 3911 465 3973 auctorem
481 3906 702 3973 Plutarchum
717 3904 880 3970 abiecisse
892 3906 1067 3985 probabile
1079 3912 1142 3989 est,
1159 3913 1336 3991 totumque

291 4062 328 4111 se
360 4012 543 4110 contulisse
575 4043 719 4108 adeum
744 4043 906 4108 historiae
928 4044 1103 4109 Romanae
1125 4045 1335 4130 scriptorem,

292 4198 392 4262 quem
416 4180 562 4245 secundo
586 4179 659 4244 loco
686 4179 790 4245 etiam
808 4179 843 4243 in
854 4179 965 4261 priore
977 4184 1075 4262 parte
1088 4183 1225 4246 secutus
1234 4186 1333 4248 esset.
