2970 5032
776 265 817 327 24

274 463 401 529 mentio
425 463 516 528 iacta
539 465 611 528 est:
637 464 701 540 (il.
727 463 780 536 30)
797 462 915 546 „testis
929 461 1092 543 (Pompeii
1104 461 1254 535 vlrtutis)
1268 465 1332 526 est

275 599 451 685 Hispania,
475 617 562 680 quae
585 600 783 681 saepissime
806 592 970 681 plurimos
993 600 1110 665 hostes
1133 601 1175 664 ab
1196 599 1260 664 hoc
1273 617 1333 664 su·

275 741 413 819 peratcs
436 741 694 819 prostratosque
718 736 926 817 conspexit?
950 735 1181 800 Mithridatem
1194 735 1225 798 id
1241 736 1332 815 egis·

275 892 322 957 se,
347 879 386 939 ut
409 892 485 939 curn
509 874 657 939 Sertorio
682 891 719 938 se
742 872 970 955 coniungeret,
994 871 1199 937 Plutarchus
1217 873 1333 938 tradit

277 1011 370 1088 (Vita
393 1011 479 1076 Seri.
505 1011 584 1092 Cap.
609 1010 739 1093 XXIII,
763 1010 895 1084 XXIV)
919 1010 1068 1091 Itemque
1093 1009 1225 1074 Cicero:
1250 1014 1330 1091 (pro

276 1150 350 1230 lege
372 1147 509 1213 Manilia
533 1149 562 1213 4.
588 1149 620 1223 9)
643 1151 684 1224 (ὅ)
711 1146 1108 1232 „Mithridatesusquein
1121 1147 1331 1228 Hispaniam

277 1288 409 1367 legatos
432 1304 472 1350 ac
495 1286 628 1351 litteras
651 1286 746 1351 misit
769 1285 811 1349 ad
835 1303 893 1351 ecs
910 1265 1022 1368 duces,
1035 1286 1236 1367 quibuscum
1247 1288 1330 1349 ium

277 1424 404 1490 bellum
438 1425 650 1507 gerebamus,
690 1427 740 1506 ut,
764 1440 842 1488 cum
865 1422 997 1488 duobus
1020 1423 1055 1486 in
1078 1422 1160 1488 locis
1184 1422 1330 1488 disiunc-

277 1563 418 1628 tissimis
441 1563 657 1644 maximeque
681 1562 823 1628 diversis
846 1580 913 1627 uno
937 1562 1075 1627 consilio
1100 1580 1120 1626 a
1143 1562 1231 1627 binis
1252 1563 1330 1627 hos·

277 1700 365 1765 tium
400 1700 504 1782 copiis
537 1700 663 1765 bellum
687 1691 780 1764 terra
803 1700 955 1781 marique
978 1702 1162 1782 gereretur,
1185 1717 1248 1765 ves
1271 1717 1329 1764 an-

279 1837 371 1919 cipiti
410 1837 627 1903 contentione
663 1837 807 1902 districti
840 1837 881 1901 de
913 1836 1054 1918 imperio
1087 1832 1327 1902 dimicaretis.”

278 1979 351 2055 (pro
374 1975 523 2039 Murena.
550 1974 600 2038 15.
622 1974 691 2047 32.)
714 1971 927 2038 Mithridates
949 1977 1086 2054 tantum
1108 1991 1169 2056 spe
1192 1978 1329 2039 cenatu-

279 2128 346 2192 que
368 2110 488 2193 valuit,
502 2113 541 2174 ut
553 2127 590 2174 se
603 2111 775 2174 Oceanum
788 2126 865 2173 cum
878 2110 986 2175 Ponto
1001 2111 1259 2176 coniuncturum
1271 2130 1329 2192 pu·

278 2242 402 2312 taret.''
447 2246 587 2326 Singula
608 2242 700 2310 facta
723 2245 823 2311 huius
846 2246 925 2311 belli
947 2246 983 2311 in
1006 2247 1070 2311 hac
1092 2247 1174 2312 Vlta
1197 2249 1329 2329 perbre-

280 2385 369 2450 viter
392 2387 428 2449 et
449 2383 587 2448 minime
608 2387 765 2468 accurate
788 2383 980 2449 traduntur.
1010 2384 1214 2450 Plutarchus
1238 2386 1329 2450 enim

280 2521 315 2584 in
345 2519 432 2584 Mita
467 2518 605 2584 Sertorii
635 2519 773 2584 easdem
795 2536 850 2583 res
873 2518 1010 2584 uberius
1034 2522 1246 2584 tractaverat
1268 2523 1330 2584 aut

280 2660 493 2722 tractaturus
516 2659 600 2738 erat,
625 2660 717 2731 (nam
740 2673 805 2736 quc
830 2655 945 2721 ordine
969 2656 1034 2720 hae
1057 2656 1158 2721 Vitae
1182 2658 1329 2739 scriptae
1390 2685 1396 2694 ·

280 2794 362 2876 sint,
383 2811 451 2859 non
475 2795 631 2866 constat).
678 2792 830 2857 VicturIa
853 2792 943 2873 apud
966 2793 1162 2858 Valentiam
1173 2794 1208 2858 in
1220 2795 1329 2860 Serto-

280 2931 322 2993 rii
345 2930 427 2994 Vita
448 2928 743 3011 praetermittitur,
767 2928 950 3010 paucisque
972 2933 1109 2995 tantum
1131 2933 1245 2997 verbis
1263 2950 1328 2996 me-

281 3069 436 3132 moratur
458 3066 551 3131 vitae
573 3043 770 3148 periculum,
795 3064 883 3145 quud
897 3066 1077 3147 Pompeius
1089 3068 1132 3131 ad
1144 3067 1329 3135 Sucronem

282 3203 425 3268 fluvium
448 3202 540 3267 adiit.
567 3201 665 3279 (Sert.
691 3201 770 3282 dap.
794 3201 904 3278 XIX).

319 3457 357 3529 (ᾗ)
375 3459 408 3512 cf.
437 3476 485 3529 pre
518 3458 729 3529 legehIan.16.
749 3458 809 3513 Mi:
831 3460 986 3514 »idemisie
1005 3461 1173 3516 Mithridates
1190 3480 1279 3517 nonne
1297 3465 1331 3516 ad

167 3590 174 3605 ·
283 3578 403 3631 cundem
431 3578 477 3632 Cn.
506 3579 665 3649 Pompeium
693 3579 812 3650 legatum
831 3579 963 3649 usquein
981 3580 1136 3651 Hispaniam
1156 3583 1251 3636 misit‘l
1268 3601 1331 3637 eum

285 3713 368 3768 quern
386 3696 528 3767 Pompeius
547 3714 654 3768 semper
669 3699 789 3768 legatum
808 3697 941 3767 iudicavit,
960 3698 977 3751 ii
996 3700 1094 3769 quibus
1112 3707 1170 3755 erat
1187 3702 1331 3756 molestum

283 3816 319 3870 ad
339 3832 403 3870 eum
421 3816 590 3886 potissimum
608 3832 667 3870 esse
685 3805 808 3886 missum,
828 3818 1025 3888 speculaturum
1043 3836 1126 3889 quam
1136 3821 1255 3891 legatum
1265 3822 1342 3876 iudi·
1394 3804 1399 3812 ⁴

287 3936 341 3990 cari
360 3936 540 3989 malue1·unt.”
560 3936 652 3989 Nimia
671 3935 791 4006 Pompeii
810 3937 936 3990 laudandi
950 3937 1094 4008 cupidiiate
1103 3940 1231 4011 deceptus
1241 3941 1333 3996 Cicero

288 4055 339 4107 hoc
368 4054 425 4108 loco
451 4071 483 4108 ea
510 4054 582 4123 dicit,
607 4071 676 4125 quae
695 4071 757 4108 cum
777 4071 859 4125 supra
876 4055 963 4110 citatis
981 4073 1034 4110 non
1053 4059 1222 4127 conveniunt,
1244 4077 1333 4132 neque

287 4189 338 4244 pro
355 4172 426 4226 veris
444 4173 537 4227 haberi
556 4179 674 4245 pessunt.
694 4173 789 4228 Drnm.
808 4174 853 4228 IV.
872 4173 933 4228 aad.
