2970 5032
792 264 835 326 26

289 462 484 527 Memmium
518 463 586 527 iam
608 466 689 528 ante
710 464 860 544 Pompeii
886 463 1074 529 adventum
1098 481 1174 529 oum
1196 463 1342 530 Metello

288 599 323 662 in
346 598 513 679 Hispania
534 600 647 666 fuisse.
671 599 799 665 Deinde
821 600 1002 681 Pompeius
1026 617 1104 666 eum
1117 606 1342 682 quaestorem

290 737 418 819 habuit,
443 737 495 802 eui
518 737 586 801 iam
609 738 705 803 initio
726 738 805 801 anni
829 738 870 802 81
894 738 929 802 in
946 737 1098 803 Africam
1114 739 1342 821 proficiscens

289 872 437 938 Siciliam
460 875 670 955 provinciam
693 874 997 940 administrandam
1025 875 1173 942 dederat.
1205 877 1341 943 Eodem

288 1027 377 1075 anno
405 1015 466 1076 aut
487 1028 577 1076 anno
604 1012 759 1092 sequenti
777 1011 819 1076 M.
832 1011 998 1078 Aemilius
1009 1012 1156 1094 Lepidus
1167 1032 1228 1096 pro
1240 1032 1340 1095 prae

288 1152 362 1213 tore
383 1149 418 1212 in
440 1147 587 1212 Siciliam
611 1149 707 1214 venit
730 1148 807 1225 (Cio.
832 1148 866 1212 iu
893 1149 989 1215 Verr.
1014 1151 1055 1216 H.
1078 1151 1108 1216 3.
1133 1153 1179 1235 8.,
1200 1152 1257 1217 ΠΙ.
1279 1153 1339 1219 91.

289 1287 376 1360 212.)
396 1285 574 1351 Memmius
597 1285 700 1366 igitur
722 1245 826 1367 quum
853 1287 998 1352 Romam
1009 1287 1166 1353 rediisset
1177 1306 1254 1353 oum
1270 1289 1341 1354 Me·

288 1423 369 1487 tello
392 1424 427 1487 in
450 1423 653 1504 Hispaniam
674 1425 846 1505 proiectus
870 1441 944 1488 esse
965 1423 1109 1490 videtur.

333 1559 549 1624 Obsidionem
569 1559 783 1640 Carthaginis
805 1559 923 1624 Novae
936 1562 976 1636 (ἓ)
989 1560 1094 1636 (illam
1107 1562 1196 1626 11111
1212 1563 1338 1629 urbem

1147 1727 1290 1738 -η-...ῃ

322 1818 359 1891 (5)
377 1819 503 1891 Suspicor
520 1820 553 1874 ad
572 1822 649 1898 hano·
659 1819 828 1890 Carthaginis
847 1836 930 1873 novae
943 1820 1107 1875 ohsidionem
1118 1821 1259 1876 referenda
1272 1839 1337 1876 esse

287 1939 340 1993 duo
359 1939 476 1994 Sallustii
494 1940 651 2010 fragmenta.
680 1940 742 1994 Sall.
763 1940 829 1994 Hist.
847 1941 942 2010 fragm.
961 1940 1020 2010 (Ed.
1040 1941 1126 2013 Kritz)
1144 1941 1168 1995 II
1186 1940 1228 1996 81.
1260 1941 1336 1996 »Du-

260 2069 263 2072 ·
288 2058 361 2111 bium
380 2075 414 2112 an
438 2059 525 2112 insula
543 2060 585 2120 sit,
604 2058 674 2128 quod
693 2058 751 2112 euri
770 2065 851 2128 atque
869 2059 952 2112 austri
969 2059 1126 2129 superiautis
1143 2060 1332 2114 fluctibusoir·

288 2178 473 2231 cumlavitur.”
492 2182 527 2231 11.
545 2177 577 2231 II.
595 2176 638 2230 82.
656 2177 781 2230 11111111
800 2177 834 2231 ab
852 2179 949 2248 angulo
963 2178 1048 2232 dextri
1059 2179 1192 2232 laterisad
1203 2179 1330 2250 paludem

289 2298 361 2351 haud
388 2298 480 2368 procul
507 2304 638 2351 remotam
665 2297 767 2351 duxit.’'
796 2298 838 2351 Ad
865 2298 983 2368 priorem
1002 2299 1089 2353 locum
1110 2299 1184 2354 Kritz
1202 2301 1329 2356 adnotat:

291 2415 362 2469 »Hoc
392 2423 482 2469 tamen
505 2434 537 2469 ex
556 2417 680 2471 universo
698 2419 755 2471 loco
773 2423 853 2487 patet,
872 2434 1026 2472 sermonem
1045 2435 1103 2472 esse
1122 2420 1155 2473 de
1173 2406 1331 2488 paeninsula

289 2535 344 2588 sive
366 2535 455 2605 lingua
472 2535 545 2589 tenui
564 2535 592 2588 11
610 2552 685 2589 mare
704 2543 887 2607 procurrente,
905 2537 982 2591 cuius
1000 2554 1062 2608 pars
1082 2539 1226 2592 continenti
1244 2539 1333 2608 prori-

289 2671 332 2708 ma
349 2655 485 2708 interdum
504 2656 540 2710 ita
562 2655 687 2709 fluctibus
705 2655 874 2725 obrueretur,
892 2663 931 2724 11,
942 2673 1011 2726 quae
1021 2658 1178 2726 paeninsula
1188 2664 1258 2713 esset
1267 2674 1331 2712 vera

288 2774 375 2835 insula
392 2774 475 2827 videri
494 2780 592 2844 posset,
609 2775 652 2828 vel
671 2791 767 2844 parum
785 2775 902 2843 abesset,
921 2777 986 2845 quin
1008 2793 1086 2830 verae
1096 2777 1199 2830 insulae
1209 2778 1327 2847 speciem

289 2893 453 2962 praeberet.”
479 2893 551 2946 Haeo
568 2892 702 2962 quadrant
719 2909 781 2947 eum
801 2894 832 2946 iis
852 2894 941 2962 111111,
962 2911 1029 2965 quas
1049 2894 1173 2965 Polybius
1193 2903 1221 2950 et
1238 2896 1331 2950 Livius

286 3012 394 3066 tradunt
412 3012 445 3066 de
464 3012 516 3066 situ
535 3012 702 3083 Carthaginis
721 3028 821 3065 norae:
844 3012 934 3083 Polyb.
953 3013 996 3067 10.
1015 3012 1058 3067 to.
1080 3009 1127 3066 »έν
1145 3011 1176 3067 δὲ
1188 2981 1232 3086 ,τῷ
1253 3016 1330 3086 μυχῷ

285 3131 335 3184 τοῦ
353 3130 460 3184 κόλπου
477 3137 625 3198 προυεῖται
642 3126 837 3200 χερἆυησίζον
855 3127 931 3200 ὄρος,
951 3127 996 3199 ἐφ’
1010 3126 1043 3187 οὗ
1060 3137 1175 3188 νεῖσθαι
1185 3135 1333 3206 συμβαίνει

288 3242 338 3315 τὴν
354 3242 436 3299 πόλιν
453 3242 657 3315 περιεχομένην
673 3243 801 3317 θαλάττῃ
819 3244 870 3314 μὲν
888 3243 936 3300 ἀπ’
948 3212 1093 3300 άνατολῶν
1102 3244 1153 3322 ιιάι
1161 3249 1332 3320 μεσημβρίας

288 3358 343 3415 άπὸ
363 3359 394 3416 δὲ
413 3362 467 3415 τῶν
485 3359 593 3416 δύσεων
609 3363 690 3432 λίμνῃ
707 3359 1006 3433 προσεπιλαμβανούσῃ
1024 3361 1131 3416 καὶτοῦ
1142 3360 1214 3430 πρὸς
1227 3360 1331 3434 άριιτον

287 3475 396 3544 μέρους,
415 3472 483 3531 ὥστε
502 3474 551 3531 τὸν
567 3473 666 3532 λοιπὸν
683 3474 772 3530 τόπον
788 3477 867 3546 μεχρὶ
884 3477 933 3544 τῆς
951 3471 998 3530 ἐπὶ
1009 3473 1120 3545 θάτερα
1129 3476 1287 3547 θαλάσσης,
1298 3474 1336 3541 ὅς,

288 3590 336 3645 καλ
361 3590 497 3646 συνάπτει
524 3588 576 3661 τὴν
600 3589 683 3646 πόλιν
699 3589 770 3660 πρὸς
787 3588 839 3661 τὴν
855 3589 982 3661 ἤπειρον,
999 3588 1035 3661 μὴ
1053 3589 1140 3646 πλέον
1157 3588 1330 3662 ὑπάρχεινῆ

288 3709 369 3762 δυοῖν
386 3708 534 3760 σταθίων.”
552 3713 579 3762 11
598 3708 711 3762 deinde:
734 3708 896 3779 »συμβαίνει
909 3704 940 3760 δὲ
959 3703 1010 3776 τὴν
1026 3708 1124 3776 λίμνην
1141 3709 1174 3778 τῇ
1192 3727 1329 3775 παρακει-

287 3824 356 3896 μένῃ
372 3823 500 3896 θαλάττῃ
518 3821 640 3894 σύρᾇυν
660 3821 805 3895 γεγονέναι
822 3823 1050 3895 χειροποι.ητιυς.”
1069 3827 1101 3880 ul.
1113 3827 1168 3880 Liv.
1180 3827 1274 3881 XXVI.
1286 3827 1329 3880 42.

287 3948 335 4000 illa
353 3947 454 4017 lingula
471 3947 560 4017 igitur,
578 3963 648 4017 quae
666 3947 736 4000 fossa
754 3947 878 4000 intercisa
891 3946 1080 4017 Carthaginem
1089 3964 1184 4001 novam
1195 3963 1257 4000 1111
1267 3963 1329 4001 1111-

287 4067 388 4120 tinente
414 4066 558 4136 ooniungit,
585 4066 653 4119 iacet
679 4082 695 4120 a
722 4071 798 4136 parte
816 4067 1017 4136 septentrionali
1036 4067 1111 4120 urbis
1127 4073 1154 4120 et
1172 4067 1205 4120 ab
1223 4067 1326 4120 oriente

287 4201 361 4239 mare
380 4185 530 4254 oppositum
548 4184 652 4247 habuit,
664 4184 735 4253 quod
753 4201 815 4237 oum
834 4184 951 4238 Sallustii
961 4186 1110 4256 fragmento
1118 4185 1186 4239 bene
1195 4185 1329 4240 convenit.
