2970 5032
715 286 757 348 68

212 500 368 549 annonae
402 484 436 547 in
472 486 593 548 senatu
629 484 735 548 verba
769 482 859 566 fecit,
884 482 924 548 of.
951 482 1007 563 Ep.
1034 483 1077 547 ad
1102 483 1176 548 Att.
1202 483 1261 548 IV.

215 615 243 678 1.
268 615 316 678 6.:
356 609 504 697 „factum
539 614 593 675 est
616 613 757 676 senatus
781 609 975 675 consultum
997 610 1031 673 in
1055 627 1168 674 meam
1191 628 1263 675 sen-

213 751 367 834 tentiam,
391 752 431 816 ut
455 766 532 815 cum
555 748 716 830 Pompeio
740 751 908 830 ageretur,
933 753 972 812 ut
995 765 1073 812 eam
1097 765 1169 813 rem
1192 767 1263 814 sus-

188 947 194 960 .
213 891 341 972 ciperet
349 889 472 969 lexque
483 887 642 969 ferretur3
652 937 659 952 .
671 937 678 952 .
691 936 697 951 .
712 885 874 967 postridie
887 888 1028 950 senatus
1039 885 1212 967 hequens;
1227 891 1263 951 et

214 1044 332 1092 omnes
355 1025 551 1092 consulares
573 1023 657 1088 nihil
680 1023 840 1105 Pompeio
864 1023 1055 1104 postulanti
1078 1030 1262 1105 negarunt3

214 1164 268 1230 ille
292 1163 424 1244 legatos
447 1163 516 1227 XV
540 1179 617 1227 cum
640 1161 847 1244 postularet,
872 1178 926 1225 me
950 1161 1138 1243 prinoipem
1161 1164 1265 1227 nomi·

215 1301 312 1366 navit
344 1304 379 1365 et
413 1300 456 1364 ad
492 1299 605 1364 omnia
628 1316 683 1362 me
706 1297 853 1363 alterurn
876 1316 913 1363 se
936 1298 1007 1364 fore
1033 1298 1128 1368 dixit.
1153 1299 1265 1381 legem

215 1437 499 1518 conscripserunt,
523 1453 590 1516 qua
613 1435 773 1517 Pompeio
797 1453 858 1516 per
870 1435 1138 1516 quinquennium
1154 1439 1265 1503 omnis

216 1576 370 1655 potestas
401 1572 448 1636 rei
482 1571 725 1636 frumentariae
760 1575 834 1636 toto
871 1573 951 1636 orbe
979 1576 1149 1637 terrarum
1174 1573 1265 1638 dare·

215 1713 272 1774 tur
287 1761 293 1776 .
309 1760 315 1775 .
332 1705 362 1774 .”
407 1709 456 1774 De
491 1710 555 1774 hac
587 1708 661 1789 lege
697 1667 851 1773 Cornelia
881 1713 916 1774 et
940 1708 1088 1774 Caecilia
1112 1711 1266 1776 diversos

216 1863 369 1912 rumores
390 1847 522 1927 ¹Romae
546 1863 686 1929 sparsos
698 1846 813 1928 fuisse,
827 1845 1034 1912 Plutarchus
1046 1851 1181 1928 narrat3
1196 1847 1266 1912 Clo·

217 1985 292 2048 dius
316 1984 406 2048 enim
431 1984 675 2048 criminabatur
698 1971 808 2062 legem
831 2000 898 2047 non
923 1982 1031 2048 latam
1044 2001 1118 2049 esse
1127 1989 1267 2067 prepter

218 2138 373 2186 annonae
398 2121 577 2185 caritatem
600 2119 660 2184 sed
683 2119 794 2200 ipsam
819 2119 998 2184 caritatem
1023 2122 1268 2204 exstitissent

219 2260 275 2323 lex
316 2257 476 2337 ferretur;
518 2254 574 2320 alii
614 2254 762 2320 consulis
801 2253 993 2338 Spintheris
1036 2263 1269 2324 commentum

218 2395 322 2458 fuisse
357 2393 526 2474 dicebant,
551 2391 711 2473 Pompeio
735 2391 846 2458 maius
869 2392 1049 2475 imperium
1073 2396 1273 2482 deferentis,

217 2509 259 2595 ut
281 2530 354 2611 ipse
378 2528 573 2613 Ptolemaeo
608 2529 680 2609 regi
703 2529 909 2610 opitulatum
932 2531 1137 2599 mitteretur.
1163 2534 1269 2599 Clodii

220 2666 490 2731 criminationem
512 2665 581 2730 iam
604 2664 796 2747 attigimus3
821 2665 965 2731 aliorum
989 2671 1160 2736 sententia
1183 2673 1269 2738 satis

219 2802 433 2882 redarguitur
467 2819 511 2866 ex
547 2800 621 2866 loco
661 2819 765 2883 supra
800 2800 953 2870 laudato:
990 2805 1104 2872 Cicero
1139 2809 1269 2889 primus

220 2939 420 3020 Pompeium
453 2937 655 3023 nominavit,
686 2955 762 3002 curn
786 2938 841 3004 hic
866 2957 1042 3026 „sermone
1066 2961 1134 3008 non
1158 2946 1269 3011 solum

163 3071 165 3074 ’
221 3076 330 3160 plebis
363 3092 485 3141 verum
519 3075 622 3139 etiarn
657 3074 823 3140 bonorum
847 3083 1038 3162 vocaretur,
1074 3081 1174 3162 idque
1197 3084 1269 3165 ipse

126 3303 128 3306 ,
220 3211 392 3295 cuperet.'’
440 3212 621 3276 Praeterea
656 3212 714 3276 illa
749 3230 830 3277 cura
854 3231 1009 3281 annonae
1034 3217 1194 3301 Pompeio
1219 3221 1269 3286 de·

220 3352 292 3417 lata
315 3349 489 3432 Spintheri
513 3350 689 3415 commodo
713 3368 781 3416 non
796 3350 878 3433 fuit3
904 3354 1074 3453 contraria
1090 3362 1171 3422 sunt
1184 3376 1270 3439 quae

222 3487 336 3553 Cicero
372 3487 415 3551 ad
449 3487 562 3569 ipsum
597 3486 814 3568 Spintherem
837 3489 989 3570 scripsit:
1025 3492 1084 3574 Ep.
1109 3495 1152 3558 ad
1176 3495 1268 3563 Fam.

171 3701 175 3710 ⁴
221 3623 246 3689 1.
276 3625 302 3688 1.
328 3624 377 3688 3.;
416 3623 489 3707 „cui
513 3623 697 3704 (Pompeio)
732 3624 789 3704 qui
814 3624 945 3707 nolunt,
970 3626 1060 3692 idem
1084 3630 1157 3715 tibi,
1182 3634 1270 3713 quod

223 3778 300 3825 eurn
324 3759 464 3843 ornasti,
489 3776 556 3824 non
580 3763 662 3824 sunt
685 3760 817 3826 amici.”

267 3896 318 3959 Ex
340 3896 460 3961 eadem
484 3896 628 3978 epistola
653 3897 802 3962 cernitur
826 3948 834 3981 ,
860 3917 946 3979 quae
959 3901 1115 3969 diversae
1128 3905 1162 3969 in
1178 3924 1271 3972 sena·

223 4035 262 4097 tu
286 4032 477 4097 sententiae
500 4033 626 4098 fuerint
650 4033 691 4098 de
714 4033 911 4101 Ptolemaeo
934 4055 1013 4119 rege
1025 4039 1060 4104 in
1072 4040 1270 4125 Aegyptum
1326 4007 1328 4012 .

187 4228 191 4247 ,
223 4169 423 4237 reducendo.
471 4170 652 4252 Pompeius
676 4171 748 4251 ipse
771 4188 844 4236 rem
869 4173 1087 4243 dissimulans
1109 4197 1169 4260 per
1180 4180 1271 4245 sarni-
