2970 5032
724 340 763 404 15

258 541 399 604 Praeter
423 556 463 604 ea
475 541 689 622 argumenta,
702 556 789 621 quae
802 539 837 604 C.
850 539 1026 605 Halmium
1038 539 1264 620 adduxerunt,

213 680 254 742 ut
275 677 339 742 hee
362 676 434 742 leco
459 676 564 741 alium
587 675 777 742 Antistium
790 676 1144 761 significarierederet‚
1162 678 1266 743 etiam

214 815 315 880 huius
337 814 374 880 P.
398 815 541 880 Antistii
564 818 671 898 aetas,
696 819 865 897 quantum
887 833 930 880 ex
952 815 1060 883 Bruto
1088 814 1200 897 colligi
1212 833 1265 898 po·

213 956 294 1036 test,
318 952 444 1036 obstat,
469 951 652 1034 quominus
673 951 796 1018 Orellio
820 951 904 1018 fides
926 953 1043 1018 haberi
1055 953 1174 1035 possit.
1194 953 1264 1046 'Ciu

214 1107 274 1171 pro
298 1090 396 1155 Rosa.
424 1090 502 1155 Am.
528 1089 548 1154 1.
578 1107 605 1155 0.
634 1093 843 1155 memoratur
863 1089 1037 1155 Antistius
1060 1095 1267 1156 002022021-

214 1228 353 1310 poribus
385 1226 534 1293 Sullanis
557 1245 687 1293 caesus.
712 1227 749 1292 P.
774 1229 891 1292 autern
913 1226 1088 1293 Antistius
1110 1245 1200 1294 anno
1223 1229 1266 1292 82

214 1365 503 1446 quinquagenario
538 1364 649 1431 minor
684 1368 768 1430 erat.
818 1363 965 1449 „Aetate
999 1364 1101 1447 parile
1131 1366 1267 1431 inferior

213 1521 317 1585 quam
340 1499 468 1569 Iulius''
492 1502 525 1580 (1.
550 1520 579 1567 0.
605 1502 639 1568 Ο.
664 1501 770 1567 Iulius
794 1500 919 1566 Caesar
935 1501 1070 1578 Strabo)
1095 1504 1267 1589 ,0022120

214 1645 272 1708 tus
296 1640 435 1724 Sulpicii
458 1616 574 1706 aetate
597 1640 634 1706 P.
658 1641 833 1707 Antistius
855 1638 940 1708 fuit'
966 1642 1107 1718 (Brutus
1131 1642 1184 1707 49.
1205 1600 1267 1706 182

214 1785 251 1847 02
285 1782 339 1846 63.
364 1782 451 1856 226).
499 1779 534 1846 O.
560 1779 714 1846 Caesaris
737 1779 917 1847 Strabonis
940 1779 1051 1847 annus
1075 1780 1200 1847 natalis
1224 1783 1268 1847 in·

215 1917 297 1983 eidit
332 1934 398 1983 non
433 1917 483 1982 ita
514 1916 622 1982 multo
646 1921 727 1983 ante
751 1935 880 1983 annum
909 1918 982 2001 130,
1002 1936 1088 1983 ‘nam
1111 1936 1200 1984 anno
1225 1921 1268 1986 90

215 2053 333 2119 aedilis
365 2053 491 2118 eurulis
521 2056 556 2118 et
579 2070 668 2119 anno
692 2055 735 2118 88
759 2053 961 2120 candidatus
985 2055 1182 2121 consulatus
1205 2055 1269 2120 1212

215 2190 355 2266 (Brutus
374 2191 427 2256 89.
449 2190 515 2255 305
539 2194 575 2256 et
598 2191 651 2257 63.
677 2191 764 2265 226).
789 2190 959 2272 Sulpicius
971 2196 1088 2257 autem
1100 2197 1203 2259 natus
1215 2198 1268 2280 est

214 2343 304 2392 anno
325 2327 398 2409 124,
412 2330 487 2392 erat
499 2327 590 2392 enim
602 2296 719 2392 decern
731 2345 841 2394 annos
853 2328 963 2394 maiar
976 2333 1060 2434 natu
1072 2329 1267 2415 Hortensio,

214 2464 271 2545 qui
309 2465 364 2547 ‚,L.
396 2464 536 2531 Orassso
564 2465 601 2546 Q.
626 2464 791 2531 Scaevola
815 2483 900 2532 coss
924 2466 1136 2548 undeviginti
1160 2486 1268 2534 annos

215 2608 319 2670 natus
354 2601 458 2669 erat.''
504 2603 612 2680 (Brut.
637 2605 690 2669 88.
719 2605 782 2669 301
808 2607 843 2669 et
867 2603 920 2669 64.
946 2607 1033 2679 229.)
1057 2606 1144 2671 Tuto
1166 2607 1268 2687 igitur

216 2741 252 2806 P.
274 2741 418 2807 Antistii
441 2728 552 2806 annus
575 2739 701 2805 natalis
724 2740 804 2822 peni
828 2744 943 2822 potest
960 2740 1050 2807 inter
1062 2760 1190 2808 annum
1206 2745 1268 2809 130

215 2881 251 2944 et
276 2879 349 2944 124.

265 3155 342 3237 Cup.
367 3153 411 3219 X.
435 3141 626 3234 Postquam
651 3151 745 3217 Sulla
768 3150 904 3216 Italiam
921 3152 985 3217 sibi
1007 3154 1152 3237 subegit,
1175 3155 1269 3221 Pom·

219 3293 316 3376 peius
347 3293 381 3357 in
405 3291 554 3356 Siciliam
578 3289 704 3355 missus
727 3292 781 3354 est
804 3288 970 3354 adversus
994 3289 1211 3372 Perpennam
1234 3296 1269 3357 et

216 3434 253 3496 et
287 3430 486 3509 Carbonem,
516 3427 573 3510 qui
596 3425 691 3490 iilam
714 3424 861 3490 insulam
884 3430 1146 3506 occupaverant.
1193 3427 1269 3492 Oru-

216 3567 402 3649 delitatem,
437 3581 524 3645 quae
554 3563 588 3627 in
612 3563 676 3628 hoe
699 3562 863 3627 mandata
885 3562 1083 3643 exequendo
1107 3564 1268 3647 Pompeio

94 3695 96 3700 ’
217 3725 238 3772 a
261 3701 433 3771 nonnuliis
450 3701 681 3783 obiiciebatur‚
695 3699 900 3764 Plutarchus
913 3703 1058 3765 excusat
1070 3701 1123 3766 his
1135 3703 1266 3769 verbis:

217 3848 415 3918 »Πομπήιος
440 3845 477 3902 δὲ
495 3843 575 3914 τοὺς
592 3842 655 3912 μὲν
672 3837 709 3900 ἐν
725 3841 806 3913 δόξῃ
824 3825 973 3911 μάλιστά
991 3845 1059 3901 τῶν
1076 3844 1193 3902 Σύλλα
1210 3863 1267 3902 πο·

217 3981 345 4050 λεμὶων
369 3982 426 4034 καὶ
454 3979 608 4049 φανερῶς
634 3970 878 4043 ἁλισκομένους
904 3969 1092 4046 ἀναγκαίως
1117 3972 1267 4049 ἐκόλαζε,

217 4113 339 4171 τῶνδὲ
358 4110 474 4170 ἄλλων
490 4108 592 4180 ὅσους
609 4104 686 4180 ἐξῆν
702 4106 871 4181 περιεώρα
889 4108 1139 4181 λανθάνοντας,
1157 4108 1267 4185 ἐνίους

217 4241 330 4298 δὲκαὶ
347 4236 603 4308 evangelizarum&
626 4237 711 4300 Tum
735 4235 784 4300 ita
807 4233 927 4317 pergit,
953 4231 1269 4318 ,,Τὴνδὲ’1μεραὶων
