2970 5032
726 292 770 355 90

211 514 283 560 rem
306 512 327 559 a
351 493 495 559 Corfinio
519 495 598 574 post
619 489 795 556 meridiem
821 488 1009 571 proiectum
1034 502 1121 568 esse⁷
1143 483 1178 547 id
1206 488 1262 548 est

212 628 409 712 iemalibus,
442 645 508 710 quo
536 627 682 692 Canusio
705 641 807 689 mane
830 623 1041 705 Pompeium.
1088 621 1135 686 Εο
1159 619 1262 685 modo

212 773 328 833 autem
355 765 510 831 ambulat
544 764 689 830 Caesar.
704 813 731 828 ..
766 765 806 827 ut
839 761 981 827 timeam
1016 776 1061 824 ne
1093 758 1194 824 eitius
1216 756 1262 822 ad

212 904 441 986 Brundisium,
465 920 567 984 quam
591 918 678 982 opus
701 899 757 982 sit,
770 898 984 964 accesserit.'’
1008 897 1132 962 Paucis
1141 896 1263 961 diebus

213 1047 396 1125 postquam
416 1041 481 1106 hae
501 1040 636 1105 litterae
659 1038 806 1120 scriptae
829 1040 921 1119 sunt,
946 1035 1071 1101 Caesar
1095 1035 1138 1100 ad
1158 1034 1265 1099 Brun-

214 1178 337 1246 disium
359 1179 474 1245 venit:
498 1177 606 1259 ipsius
629 1177 720 1241 enirn
741 1174 933 1257 epistolam⁷
968 1190 1036 1254 qua
1059 1173 1205 1255 Oppium
1227 1178 1264 1237 et

214 1316 361 1381 Balbum
392 1314 493 1379 huius
519 1313 568 1378 rei
592 1313 753 1378 certiores
775 1311 866 1393 feeit,
891 1309 1005 1375 Cicero
1030 1309 1128 1374 nobis
1151 1325 1265 1373 serva-

215 1454 275 1519 vit.
321 1452 370 1535 Bp
394 1452 447 1518 ad.
471 1453 546 1517 Att.
570 1450 632 1516 IX.
658 1451 709 1516 13.
733 1451 775 1515 A.
804 1445 852 1514 l.''

410 1610 413 1617 ’
473 1590 617 1675 „Caesar
640 1588 748 1671 Oppio
773 1558 926 1652 Cornelio
950 1585 1011 1651 sal.

193 1716 196 1721 ’
260 1727 301 1793 A.
323 1727 354 1793 d.
378 1726 452 1792 VH.
476 1726 524 1792 id.
549 1724 689 1791 Martias
712 1723 931 1790 Brundisium
952 1722 1041 1805 veni,
1066 1720 1109 1786 ad
1127 1738 1267 1785 murum

217 1868 330 1930 castra
352 1864 461 1946 posui.
483 1862 665 1945 Pompeius
692 1864 746 1926 est
768 1860 950 1943 Brundisii,
973 1858 1068 1924 misit
1092 1858 1135 1922 ad
1156 1874 1210 1921 me
1223 1856 1268 1922 N.

216 2002 365 2084 Magium
388 2001 430 2067 de
452 2018 536 2082 paee
561 2003 619 2076 (§):
644 2017 731 2080 quae
757 1999 833 2064 visa
860 2001 942 2064 sunt
962 1996 1153 2079 respondi.''

263 2140 328 2205 Cur
362 2138 403 2204 N.
438 2137 570 2218 Magius
604 2154 624 2201 a
658 2135 819 2217 Pompeio
841 2134 993 2200 delectus
1014 2134 1070 2216 sit,
1090 2133 1147 2214 qui
1171 2133 1269 2214 pacis

218 2276 428 2342 conditiones
461 2275 575 2357 ferret,
614 2272 815 2354 intelligitur
845 2291 888 2337 ex
911 2272 979 2337 alia
1002 2271 1156 2336 Caesaris
1184 2271 1270 2352 epis-

218 2414 308 2480 tola:
334 2413 405 2495 (Ep.
429 2413 470 2477 ad
493 2412 568 2478 Att.
593 2411 655 2477 IX.
684 2413 714 2477 7.
740 2412 775 2477 C.
800 2413 843 2485 2.)
891 2410 952 2496 „N.
976 2397 1140 2492 Magium,
1170 2409 1269 2473 Pom·

219 2552 284 2634 peii
317 2552 538 2635 praefectum,
578 2551 799 2633 deprehendi:
836 2550 965 2616 scilieet
997 2567 1074 2616 meo
1106 2550 1267 2616 institute

220 2708 302 2756 usus
326 2706 401 2755 sum
425 2692 461 2754 et
482 2706 560 2754 eum
584 2688 704 2754 statim
728 2689 872 2753 missum
895 2687 969 2770 feci,
991 2687 1060 2751 iam
1084 2687 1149 2752 duo
1174 2704 1268 2767 prae·

219 2827 299 2893 festi
330 2827 465 2891 fabrum
490 2825 641 2907 Pompeii
665 2825 700 2889 in
733 2841 846 2890 meam
868 2827 1077 2906 potestatem
1099 2829 1270 2889 venerunt

221 2968 256 3028 et
292 2980 320 3027 a·
349 2979 404 3027 me
427 2962 523 3028 missi
546 2965 643 3042 sunt;
679 2961 709 3026 si
729 2961 848 3026 velent
868 2962 956 3043 grati
984 2978 1069 3044 esse,
1095 2960 1270 3025 debebunt

223 3097 421 3180 Pompeium
443 3098 583 3182 hortari,
605 3102 645 3163 ut
667 3099 766 3164 malit
796 3099 879 3162 mihi
904 3115 980 3163 esse
1009 3098 1139 3162 amicus
1162 3113 1267 3177 quam

222 3237 272 3319 iis,
308 3235 365 3317 qui
396 3239 431 3301 et
464 3235 511 3300 illi
546 3240 582 3301 et
610 3236 693 3300 mihi
717 3253 852 3317 semper
875 3235 1014 3301 fuerunt
1033 3235 1269 3312 inimicissimi,

223 3390 367 3452 quorum
393 3372 544 3438 artificiis
571 3372 729 3437 effectum
754 3370 823 3456 est,'
846 3377 886 3437 ut
906 3390 961 3437 res
984 3370 1121 3454 publica
1132 3372 1166 3435 in
1180 3371 1271 3435 hunc

224 3513 354 3610 statum
381 3508 607 3592 perveniret.''
653 3510 684 3574 N
687 3527 725 3575 ee
763 3509 899 3575 Caesari
933 3490 1118 3574 satis¹erat
1141 3509 1182 3574 N.
1206 3507 1272 3572 Ma·

225 3647 317 3726 gium
337 3647 480 3713 missum
505 3647 635 3729 fecisse,
659 3646 719 3712 sed
743 3648 847 3712 etiam
870 3647 913 3711 ad
935 3647 1049 3728 ipsum
1071 3646 1272 3728 Pompeium

226 3800 303 3847 eum
339 3785 441 3850 certis
472 3784 644 3849 mandatis
671 3801 747 3850 eum
783 3783 915 3849 remisit
942 3784 976 3848 id
997 3801 1113 3866 agens,
1142 3787 1181 3849 ut
1208 3783 1273 3848 sibi

266 4084 298 4154 (ᾗ)
318 4084 387 4155 Ergo
405 4086 537 4140 refellitur
555 4087 624 4156 quod
645 4085 752 4150 (Caesar
770 4085 803 4138 de
824 4085 898 4140 Bello
916 4086 971 4140 Civ.
991 4086 1010 4139 Ι.
1030 4085 1074 4152 26)
1085 4087 1274 4155 traditumest,

230 4207 261 4262 N.
281 4207 399 4278 Magium
423 4207 568 4261 remissum
587 4223 639 4259 non
659 4223 718 4259 esse
738 4222 753 4257 a
770 4205 905 4276 Pompeio,
