3054 5032
736 324 779 387 88

236 525 351 588 torum
383 522 558 587 hominum
600 558 631 566 —
659 540 740 586 nam
764 539 807 586 ex
832 525 977 604 utraque
1000 527 1099 604 parte
1124 527 1206 589 sunt
1229 524 1286 605 qui

236 678 388 743 pugnare
423 660 563 741 cupiant
599 695 630 704 -
656 660 900 741 impedimento
924 660 1007 724 mihi
1030 658 1200 726 fuerunt.''
1246 661 1286 726 In

233 799 356 865 eadem
388 798 533 879 epistola
569 797 714 864 ultimae
744 797 964 881 conditiones,
989 816 1075 880 quas
1095 798 1220 864 Caesar
1243 800 1286 863 ad

235 940 395 1001 senatum
419 936 499 1001 tulit
523 902 694 1020 „minaces
715 938 751 1001 et
773 938 917 1002 acerbae
929 933 1286 1020 litterae''vooantur;

236 1093 324 1156 quae
361 1077 468 1140 verba
503 1075 706 1140 documento
738 1079 829 1158 suut,
854 1074 1049 1140 Ciceronem
1072 1075 1209 1141 omnino
1234 1095 1288 1141 ex·

232 1218 369 1296 portem
392 1212 497 1277 fuisse
524 1211 614 1277 illius
639 1211 784 1277 actionis
812 1211 853 1276 de
870 1229 963 1293 pace.
988 1212 1183 1294 Numquam
1196 1215 1288 1278 enim

237 1351 448 1416 conditiones
473 1349 627 1415 Caesaris
651 1349 712 1414 tali
732 1349 899 1415 vocabulo
912 1348 1149 1434 significasset,
1163 1352 1190 1416 si
1203 1351 1287 1436 ipsc,

237 1506 325 1570 quae
352 1487 527 1553 Plutarchi
566 1487 738 1552 sententia
761 1489 825 1569 est,
853 1487 989 1551 illarum
1012 1492 1132 1553 auctor
1155 1488 1287 1554 luisset.

283 1763 470 1844 Postquam
493 1763 536 1827 ad
549 1761 692 1826 nihilum
704 1761 852 1826 recidere
865 1779 1086 1843 quaecunque
1098 1767 1177 1828 acta
1190 1769 1290 1828 eraut

238 1903 279 1968 de
313 1919 408 1984 pace,
444 1901 568 1966 Caesar
593 1899 804 1965 Rubiconem
826 1900 982 1981 transiit;
1007 1900 1103 1965 cuius
1126 1900 1174 1965 rei
1195 1901 1290 1966 fama

238 2041 383 2106 Romam
410 2039 516 2103 allata
535 2042 666 2103 terrore
693 2038 813 2102 urbem
836 2037 1001 2119 implevit.
1033 2038 1127 2103 Bello
1151 2039 1290 2103 minime

239 2175 415 2259 provisum
439 2178 523 2255 erat,
549 2173 708 2238 omnibus
730 2173 812 2238 locis
823 2173 1061 2255 trepidabatur
1073 2192 1183 2255 neque
1195 2175 1291 2240 Pom-

239 2312 305 2394 peii
340 2310 529 2377 auctoritas
565 2309 746 2390 quicquam
780 2309 930 2392 valebat,
971 2328 1076 2391 quum
1108 2310 1184 2376 aliis
1222 2311 1290 2377 alia

240 2448 464 2515 suadentibus
488 2446 552 2528 ipsi
579 2446 650 2511 suis
672 2446 821 2537 cousiilis
844 2447 895 2512 uti
916 2465 985 2512 uon
1007 2445 1133 2513 liceret.
1170 2448 1290 2514 Merito

240 2588 463 2668 arguebamur,-
491 2584 580 2666 quod
611 2602 692 2649 suos
725 2584 924 2667 decepisset,
964 2602 1026 2650 nec
1057 2586 1182 2652 mirum
1210 2588 1291 2668 cirin

240 2702 445 2791 Plutarchus
466 2724 555 2787 hanc
579 2722 850 2787 criminationem
871 2721 1067 2788 attribuerit
1083 2724 1120 2790 L.
1134 2725 1290 2790 Volcatio

240 2862 347 2944 Tulin,
384 2861 509 2943 quippe
542 2860 600 2941 qui
634 2860 738 2925 etiam
775 2863 897 2941 postea
920 2861 1087 2926 intereos
1108 2865 1210 2944 esset,
1235 2864 1292 2943 qui

241 2998 441 3079 Pompeium
474 2997 575 3061 Italia
608 2997 785 3061 cedentem
819 2997 915 3078 sequi
953 2997 1136 3064 noluerunt
1156 2999 1226 3081 (Ep.
1249 3000 1292 3064 ad

241 3134 317 3221 Att.
339 3133 421 3199 Vll:
438 3134 468 3199 3.
490 3135 521 3215 3,
546 3133 608 3199 lX.
638 3134 687 3198 10.
717 3135 758 3219 7),

288 3272 455 3335 Reoessus
468 3270 510 3334 ab
523 3271 607 3334 urbe
619 3273 748 3350 quauta
757 3269 908 3335 omnium
916 3287 1029 3334 rerum
1037 3274 1294 3351 perturbatione

242 3410 424 3475 coniuncta
446 3408 559 3492 fuerit,
577 3408 782 3474 Plutarchus
797 3413 948 3477 enarrat:
970 3409 1047 3491 Oup.
1060 3411 1153 3476 LXI.
1179 3411 1292 3476 Cicero
1338 3441 1342 3448 ·

243 3564 304 3628 per
328 3546 461 3611 litteras
485 3546 636 3611 dolorem
658 3564 758 3610 suum
783 3547 823 3611 de
835 3547 894 3611 illa
908 3548 1127 3632 „turpissima
1138 3548 1239 3631 fuga’
1253 3553 1293 3626 (ἓ)

244 3684 361 3748 Attico
396 3682 559 3764 impertit,
595 3683 791 3764 passimque
826 3684 860 3747 in
895 3689 1037 3764 questus
1069 3702 1107 3750 se
1140 3686 1293 3770 effundit,

245 3821 334 3902 quod
370 3820 485 3884 omnia
519 3823 592 3884 tam
627 3819 734 3884 stulte
766 3813 807 3884 et‘
833 3820 970 3885 incaute
993 3827 1185 3901 agerentur.
1210 3841 1238 3889 e.
1263 3842 1294 3904 g.

245 3958 316 4040 (Ep.
341 3957 384 4021 ad
407 3958 481 4022 Att.
507 3955 580 4021 Vll.
608 3957 658 4021 12.
687 3956 727 4030 1.)
754 3957 863 4040 „quod
886 3974 987 4038 rogas
1010 3975 1125 4023 curem
1148 3963 1188 4025 ut
1206 3961 1295 4026 scias

282 4227 319 4300 (ἓ)
340 4228 386 4298 Ep.
406 4227 440 4280 ad
459 4228 513 4281 nu.
533 4227 603 4280 Vlll.
622 4227 647 4282 3.
666 4229 692 4283 3.
