2970 5032
744 337 786 401 53

237 530 327 594 tanti
361 533 570 599 aestimaret.
611 534 771 616 Speravit
793 537 884 601 enim
907 555 945 602 se
968 542 1088 605 contra
1110 539 1204 604 illam
1226 541 1289 606 fac-

238 669 380 754 tionem,
417 689 504 752 quae
532 676 672 754 propter
696 673 968 740 Catilinariorum
994 676 1197 758 supplicium
1219 678 1283 743 sibi

236 812 470 891 succenseret,
506 808 670 874 tutiorem
704 809 791 892 fore,
826 811 856 876 si
890 811 1048 877 omnibus
1082 812 1289 878 innotuisset

236 944 437 1027 Pompeium
457 945 522 1011 sibi
546 947 748 1013 consentire.
785 947 928 1031 Sperare
951 965 1020 1014 non
1040 949 1182 1033 destitit,
1200 953 1288 1031 post·

235 1100 339 1164 quam
374 1083 556 1165 Pompeius
585 1084 805 1151 Brundisium
829 1085 980 1168 appulit;
1005 1104 1086 1151 nam
1109 1087 1144 1151 in
1168 1081 1287 1152 eadem

235 1220 389 1304 epistola,
414 1239 518 1302 quam
542 1239 646 1304 supra
658 1222 812 1306 laudavi,
825 1223 981 1305 scripsit:
995 1224 1049 1300 (ad
1062 1223 1137 1290 Att.
1149 1223 1175 1290 Ι.
1192 1225 1242 1289 12.
1254 1223 1286 1298 3)

237 1359 456 1442 ,Pompeium
480 1360 579 1435 nobis
601 1361 846 1427 unicissimum
869 1365 1007 1427 constat
1030 1363 1137 1427 esse.’'

277 1496 328 1560 At
365 1495 475 1576 longe·
505 1496 701 1580 discrepant
738 1515 825 1579 quae
864 1515 945 1564 mox
979 1504 1190 1580 sequuntur:
1230 1499 1284 1574 (ad

232 1631 307 1699 Att.
332 1633 358 1699 Ι.
385 1635 435 1698 13.
461 1634 493 1709 4)
520 1638 621 1719 „tuus
645 1639 762 1700 autem
785 1634 841 1700 ille
865 1635 995 1701 amicus
1024 1671 1055 1680 -
1085 1636 1157 1702 scin
1182 1653 1283 1717 quem

232 1770 373 1836 dicam?
409 1807 449 1816 —
487 1790 564 1855 nos,
596 1776 636 1838 ut
668 1772 828 1855 ostendit,
857 1773 1041 1837 admodum
1074 1773 1192 1854 diligit,
1217 1790 1283 1837 am-

232 1907 402 1992 plectitur,
439 1913 550 1988 amat,
585 1913 702 1991 aperte
737 1908 871 1990 laudat;
908 1908 1057 1992 occulte,
1082 1909 1142 1975 sed
1166 1909 1215 1973 ita
1243 1913 1283 1974 ut

233 2047 447 2129 perspicuum
481 2047 537 2130 sit,
572 2046 719 2127 invidet;
752 2046 836 2111 nihil
871 2064 985 2127 come,
1010 2046 1093 2111 nihil
1121 2027 1281 2130 simplex,

231 2187 313 2252 nihil
336 2185 373 2246 ἐν
390 2195 462 2259 τοῖς
478 2194 664 2258 πολιτικοῖς
687 2187 889 2270 honestum,
913 2186 996 2252 nihil
1019 2187 1172 2271 illustre,
1197 2187 1280 2251 nihil

228 2323 331 2408 forte,
366 2325 448 2389 nihil
477 2325 654 2390 liberum.'‘
702 2324 840 2390 Sincera
873 2325 957 2390 fides
981 2342 1168 2406 numquam
1191 2325 1279 2390 inter
1345 2288 1349 2294 ¹

227 2479 285 2527 eos
315 2462 518 2527 intercessit.
568 2461 682 2526 Cicero
718 2462 854 2542 quidem
877 2479 907 2526 a.
933 2463 969 2526 6]
1000 2460 1109 2526 multa
1132 2461 1214 2526 dicit
1237 2463 1278 2526 de

224 2599 283 2664 illa
318 2599 572 2679 familiaritate,
597 2615 684 2679 quae
708 2615 812 2663 causa
835 2598 954 2681 fuerit,
980 2616 1039 2663 cur
1062 2598 1189 2682 „nostri
1219 2599 1276 2664 isti

224 2737 464 2803 comissatores
492 2736 735 2802 coniurationis
760 2735 931 2801 barbatuli
962 2736 1104 2801 iuvenes
1126 2736 1275 2799 illumin

222 2875 437 2941 sermonibus
461 2875 519 2940 Cn.
545 2875 741 2940 Ciceronem
765 2874 939 2956 appellent
962 2876 1036 2950 (§l·”
1082 2874 1197 2938 Mense
1216 2873 1274 2938 De-

223 3013 347 3078 cembri
383 3013 473 3077 idem
510 3018 740 3078 memoratur:
780 3017 876 3095 „utor
904 3012 1064 3093 Pompeio
1088 3011 1272 3076 familiaris-

221 3150 345 3232 sime,'’
369 3151 428 3215 sed
453 3150 629 3216 adiicitur:
662 3151 821 3234 ,cavebo
839 3167 925 3230 quae
937 3152 1019 3214 sunt
1031 3149 1184 3214 cavenda
1195 3150 1270 3224 (†).'’

219 3289 388 3353 Remanet
422 3288 525 3368 igitur
558 3287 725 3367 quaedam
753 3286 899 3367 suspicio
924 3286 1110 3350 amicorum
1133 3285 1270 3350 candori

218 3426 397 3491 contraria.
443 3425 563 3490 Melius
586 3424 650 3489 hoo
674 3424 817 3506 exprimi
841 3442 909 3489 non
922 3427 1037 3505 potest
1049 3440 1152 3503 quam
1162 3423 1268 3504 ipsius

217 3562 386 3628 Ciceronis
420 3562 556 3629 verbis:
588 3561 685 3647 „illae
709 3562 910 3627 ambitiosae
933 3561 1135 3641 fucosaeque
1158 3561 1267 3624 amici-

216 3701 284 3766 tiae
319 3705 400 3766 sunt
436 3701 471 3764 111
506 3670 651 3780 quodam
676 3698 855 3780 splendore
877 3695 1017 3780 forensi,
1041 3697 1190 3763 fructum
1214 3698 1266 3762 do-

214 3839 392 3904 mesticum
417 3856 485 3903 non
509 3837 638 3902 liabent
662 3833 730 3914 (*).”
754 3836 805 3900 Ex
817 3840 962 3916 utraque
974 3839 1072 3918 parte
1084 3835 1264 3900 ambitiosa

249 4025 340 4098 (glad.
360 4026 414 4079 litt.
436 4024 456 4078 Ι.
475 4024 518 4078 lo.
538 4023 569 4077 11
595 4029 656 4089 (scr.
677 4023 788 4091 Romae,
811 4039 904 4076 mense
922 4022 992 4076 Maio
1013 4038 1037 4076 a.
1056 4021 1108 4084 61.)

247 4137 285 4210 (1)
302 4138 336 4192 ad
354 4138 409 4192 Au.
428 4137 447 4190 l.
467 4136 510 4190 17.
529 4135 572 4189 lo,

247 4251 278 4314 l')
296 4251 329 4304 ad
349 4251 404 4303 litt.
423 4249 443 4302 Ι.
464 4248 507 4302 18.
526 4248 545 4301 Ι.
