2970 5032
727 354 768 417 61

217 551 327 617 cunda
350 551 456 617 luisse
475 551 590 617 Cicero
617 555 746 637 narrat,
777 556 836 638 „ut
867 570 946 618 eum
969 553 1092 639 locum,
1116 555 1174 620 ubi
1197 572 1268 638 pro·

216 692 399 772 ponuntur,
423 689 571 754 transire
594 685 825 770 nequeamus’'
839 692 890 766 (t).

262 826 376 892 Cicero
401 827 492 892 enim
515 844 633 892 mense
656 827 752 893 Iunio
779 827 925 893 Romam
946 827 1104 911 redierat,
1130 847 1192 894 nec
1211 831 1267 894 mi·

216 982 302 1046 rum,
341 963 430 1045 quod
466 965 502 1029 iu
525 964 678 1046 epistolis
705 964 770 1030 hoc
792 965 958 1046 temporis
981 966 1092 1048 spatio
1117 967 1160 1031 ad
1181 967 1269 1033 Atti·

217 1076 294 1166 cum
319 1101 455 1184 scriptis
468 1104 510 1179 (†)
533 1101 569 1165 in
592 1105 735 1182 questus
759 1101 800 1167 de
819 1102 995 1184 republica
1008 1119 1084 1168 sese
1096 1102 1268 1169 effundere

215 1257 284 1304 non
317 1240 460 1306 desinat.
500 1257 528 1305 e.
565 1257 596 1320 g.
632 1238 684 1321 (li.
720 1240 770 1306 18.
795 1241 843 1316 2);
869 1258 929 1324 „ac
949 1258 992 1305 ne
1014 1241 1102 1306 forte
1123 1258 1269 1322 quaeras

214 1377 302 1434 κατὰ
325 1377 449 1435 λεπτὸν
483 1377 525 1443 de
561 1378 704 1458 singulis
738 1379 851 1461 rebus
887 1379 1049 1443 universa
1072 1395 1127 1444 res
1151 1396 1190 1444 eo
1215 1384 1268 1445 est

215 1512 371 1597 deducta,
405 1532 484 1596 spes
518 1518 558 1579 ut
589 1514 683 1579 nulla
705 1515 751 1580 sit
773 1515 956 1596 aliquando
984 1533 1060 1581 non·
1076 1517 1177 1581 modo
1205 1517 1267 1598 pri·

214 1655 315 1717 vatos
335 1669 457 1717 verum
481 1652 586 1716 etiam
608 1653 832 1733 magistratus
853 1653 979 1719 liberos
1003 1653 1107 1719 fore.''
1133 1654 1267 1737 Optime
1299 1658 1301 1662 ’

215 1788 429 1868 intelligebat
451 1789 564 1853 Bibuli
576 1789 800 1870 pertinaciam
820 1808 948 1857 vanam
962 1808 1047 1875 esse,
1061 1792 1266 1872 quodetiam

216 1929 319 1990 antea
358 1926 607 1992 declaraverat:
644 1926 697 2004 (Π.
736 1928 786 1993 15.
824 1929 866 2003 2.)
905 1928 1036 2014 „Bibuli
1059 1933 1176 1995 autem
1200 1931 1267 1995 ista

215 2063 414 2144 magnitudo
449 2063 553 2130 animi
584 2066 620 2128 in
641 2064 856 2130 comitiorum
877 2066 1038 2132 dilatione
1062 2067 1141 2147 quid
1162 2067 1268 2133 habet

217 2201 280 2266 nisi
304 2202 411 2283 ipsius
435 2201 597 2268 iudicium
620 2204 693 2269 sine
709 2204 779 2270 ulla
793 2205 1002 2270 correctione
1013 2204 1265 2286 reipublicae?'’

213 2337 380 2403 Attamen
424 2357 529 2420 quum
560 2332 694 2406 videret
734 2342 927 2426 „republica
951 2341 1034 2406 nihil
1057 2359 1132 2408 esse
1153 2342 1267 2425 despe-

212 2477 343 2541 ratius”
368 2479 415 2558 (*),
455 2477 547 2542 omni
570 2495 631 2558 spe
655 2479 828 2543 abstinere
851 2497 919 2544 non
943 2483 1089 2560 poterat.
1128 2481 1265 2566 „Nonae

212 2612 290 2678 illae
313 2612 537 2678 Decembres”
551 2613 747 2678 etiamnunc
760 2615 978 2698 obstiterunt,
992 2617 1173 2697 quominus
1184 2623 1265 2683 tem·

214 2750 287 2831 pori
331 2750 454 2816 cedens
491 2749 532 2814 de
572 2750 746 2832 republica
784 2751 867 2815 nihil
906 2752 1053 2833 amplius
1088 2755 1263 2835 cogitaret.

115 2885 119 2891 '
215 2885 310 2966 Quod
344 2886 372 2951 si
404 2886 515 2951 faeere
537 2887 707 2968 potuisset
737 2891 773 2952 et
794 2889 897 2953 rebus
920 2887 1112 2955 forensibus
1131 2907 1168 2956 se
1191 2908 1265 2956 con·

214 3024 334 3107 tinere,
370 3023 509 3089 exilium
543 3023 686 3089 forsitan
722 3025 898 3091 evitasset.
931 3025 1027 3091 Haec
1053 3028 1144 3091 enim
1173 3027 1263 3093 exilii

215 3179 318 3227 causa
340 3161 415 3245 fuit,
436 3161 526 3242 quod
549 3177 646 3242 spem
673 3160 843 3227 infinitam
866 3165 1137 3244 persequebatur
1149 3169 1184 3230 et
1196 3183 1263 3230 non

214 3299 300 3364 satis
324 3299 388 3365 sibi
409 3298 591 3382 persuasit,
612 3303 823 3380 quantopere
854 3301 968 3366 omnia
989 3305 1123 3366 mutata
1141 3305 1266 3368 essent.

216 3439 255 3502 ci.
278 3437 338 3518 Ep.
364 3437 407 3502 ad
430 3436 507 3502 Att.
531 3435 572 3503 H.
598 3438 650 3503 22.
674 3438 716 3503 3;
742 3442 949 3523 „renovatur
970 3439 1135 3504 memoria
1151 3456 1267 3505 consu·

129 3634 131 3638 Α
215 3576 324 3657 latus;
358 3575 472 3640 studia
507 3574 753 3660 significantur,
783 3575 912 3641 ineam
935 3594 1031 3658 spem
1055 3576 1265 3660 adducimur,

249 4041 638 4115 bmmmuma

249 4155 287 4228 (†)
310 4157 356 4226 Ep.
377 4156 410 4210 ad
429 4156 536 4214 nti-11.
554 4155 670 4214 lic-25.

251 4279 279 4341 (Ἴ
309 4277 356 4346 Ep.
376 4275 409 4328 ad
429 4276 484 4332 nn.
504 4275 536 4330 ll.
556 4273 598 4330 25.
618 4274 643 4327 2.

314 4580 324 4613 1
