2970 5032
713 345 757 409 30

213 564 274 628 pro
297 545 372 625 lege
394 544 559 609 Man.'11.
581 545 634 608 30.
661 542 780 626 „ltalia
804 559 882 607 cum
904 539 1020 606 servili
1044 538 1132 604 bello
1145 541 1258 604 taetro

214 681 467 765 periculosoque
491 683 712 762 premeretur,
740 681 783 744 ab
808 679 871 744 hoc
894 677 1078 759 (Pompeio)
1095 675 1260 740 auxilium

215 820 358 884 absente
384 818 561 900 expetivit,
585 817 675 898 quod
698 816 827 881 bellum
850 815 1088 897 expectatione
1112 813 1184 878 eius
1212 814 1261 877 at·

167 991 169 995 *
215 959 395 1022 tenuatum
427 959 530 1037 atque
562 955 780 1019 imminutum
811 958 875 1035 est,
907 952 1058 1018 adventu
1086 951 1261 1016 sublatum

216 1095 319 1173 atque
342 1088 547 1174 sepultum.'’
594 1091 798 1156 Plutarchus
821 1057 1028 1170 quamquam
1050 1091 1168 1169 aperte
1191 1102 1263 1150 sen·

216 1229 361 1294 tentiam
384 1246 449 1294 non
476 1227 568 1308 dicit,
591 1228 676 1293 satis
700 1227 851 1293 ostendit
873 1243 910 1291 se
933 1225 997 1290 hac
1007 1221 1264 1304 vaniloquentia

217 1366 397 1447 deceptum
431 1383 499 1431 non
523 1382 608 1445 esse,
633 1366 722 1446 quod
746 1381 850 1446 supra
872 1363 941 1428 iam
964 1361 1110 1426 indicavi
1133 1359 1265 1426 Luculli

218 1504 380 1569 conviciis
404 1503 545 1569 collatis
569 1537 613 1548 -
780 1469 782 1475 Ι

265 1778 470 1844 Consulatus
502 1777 654 1857 Pompeii
687 1775 820 1841 duabus
851 1776 1052 1856 praesertim
1076 1777 1266 1880 rebuslme

219 1915 394 1981 morabilis
438 1917 516 1980 est:
555 1912 709 1978 restituit
740 1915 950 1995 potestatem
981 1911 1200 1977 tribuniciam
1232 1914 1268 1975 et

220 2052 293 2133 lege
323 2049 463 2116 Aurelia
494 2050 618 2115 iudicia
649 2050 738 2114 inter
760 2053 833 2114 tres
856 2048 992 2114 ordines
1016 2049 1266 2114 communicata

165 2200 173 2217 ⁰
220 2193 310 2255 sunt·
347 2188 426 2269 Cap.
462 2187 587 2251 XXII:
625 2181 796 2269 ’,ἀπέδωκε
821 2184 882 2256 τὴν
899 2187 1089 2258 δημαρχίαν
1105 2183 1273 2256 τῷδήμῳ,

220 2333 278 2389 κὰι
301 2333 362 2402 τὰς
390 2333 484 2401 δίκας
508 2332 655 2402 περιεῖδε
680 2314 783 2401 αὖθις
800 2329 848 2401 εἰς
866 2331 947 2401 τοὺς
964 2329 1081 2401 ἱππέας
1097 2331 1192 2405 νόμῳ
1207 2311 1267 2399 με·

220 2465 487 2541 ταφεοομένας·”
512 2465 623 2532 Minus
646 2471 804 2532 accurate
827 2466 1033 2532 Plutarchus
1056 2466 1163 2532 tradit
1182 2467 1271 2547 equi·

222 2605 276 2668 tes
307 2602 435 2668 iudices
466 2602 576 2668 iactos
600 2620 684 2668 esse.
731 2603 808 2667 Non
831 2603 894 2668 hos
918 2607 1057 2668 tantum
1080 2603 1139 2668 sed
1164 2603 1268 2668 etiarn

222 2743 399 2807 senatores
434 2743 470 2806 et
500 2741 657 2806 tribunos
680 2740 829 2806 aerarios
852 2744 931 2822 post
953 2739 1063 2820 legem
1094 2740 1269 2805 Aureliam

222 2878 276 2943 ius
299 2879 425 2943 dixisse
449 2877 618 2974 cernitur:
644 2877 710 2942 Cic.
735 2877 841 2958 Epist.
866 2876 908 2941 ad
932 2876 1007 2943 Att.
1031 2878 1056 2941 Ι.
1073 2878 1123 2942 16.
1137 2879 1167 2942 3.
1182 2876 1269 2950 (Des-

223 3015 364 3081 cribitur
386 3015 468 3080 illud
492 3014 663 3096 iudicium,
688 3014 777 3095 quod
801 3014 842 3078 de
865 3014 973 3080 sacris
995 3015 1112 3080 Bonae
1135 3015 1225 3079 Deae
1249 3033 1269 3078 a

225 3151 340 3217 Clodio
369 3151 508 3234 pollutis
531 3116 745 3216 sententiam
762 3150 876 3227 ferret)
903 3152 1116 3236 „Numquam
1140 3152 1270 3233 turpior

224 3288 259 3352 in
283 3289 362 3354 ludo
385 3288 508 3353 talario
532 3304 714 3353 consessus
737 3287 819 3353 fuit:
839 3287 1003 3353 maculosi
1014 3293 1200 3371 senatores,
1214 3305 1271 3352 nu-

226 3425 261 3489 di
285 3424 426 3507 equites,
450 3423 578 3488 tribuni
602 3442 670 3490 non
694 3427 767 3489 tam
790 3389 897 3489 aerati
922 3443 1034 3509 quarn,
1052 3429 1091 3490 ut
1103 3425 1271 3507 appellan-

227 3564 295 3644 tur,
323 3558 475 3625 aerarii.’'
502 3596 543 3605 -
567 3561 641 3626 Hac
665 3561 738 3642 lege
760 3561 935 3626 iudiciaria
958 3562 1108 3643 itemque
1131 3562 1189 3626 illa
1212 3561 1267 3627 tri·

226 3698 382 3764 buniciae
405 3677 589 3780 potestatis
612 3698 828 3764 restitutione
851 3698 1033 3780 Pompeius
1052 3700 1271 3781 popularibus
1333 3705 1337 3715 '

226 3853 264 3901 se
288 3835 428 3919 addixit,
455 3854 532 3901 cum
555 3839 657 3901 antea
681 3835 730 3900 rei
753 3834 909 3918 publicae
930 3835 1272 3901 formamaSullain·

227 3972 388 4037 stitutum
411 3948 626 4037 defendisset.
673 3972 771 4036 Hanc
795 3973 837 4037 ob
862 3987 1045 4036 causamn
1069 3972 1186 4037 multis
1207 3946 1273 4037 car·

227 4109 394 4188 pebatur3
419 4124 542 4188 operae
565 4107 714 4188 pretium
737 4111 791 4172 est
813 4108 939 4191 videre,
964 4110 1132 4189 quomodo
1158 4109 1272 4174 Cicero

229 4247 265 4309 et
287 4244 491 4308 Plutarchus
514 4261 592 4308 eum
616 4248 791 4309 excusent.
817 4244 882 4311 Cic.
907 4245 948 4310 de
960 4245 1038 4326 Lag.
1052 4246 1108 4311 lll.
1122 4248 1152 4311 9.
1166 4247 1274 4327 (Quin-
