2970 5032
731 363 774 442 35

215 573 307 639 nioni
343 590 444 654 quem
480 574 533 639 vir
567 574 656 640 doct.
692 575 722 640 J.
759 575 794 639 C.
824 574 1043 656 Vollgraffffl)
1067 577 1264 658 proposuit:

213 710 436 776 Plutarchum
459 714 615 776 secutum
640 728 716 776 esse
727 712 898 793 quendam
910 713 1142 779 Romanarum
1155 729 1268 779 rerum

213 847 426 929 scriptorem,
451 847 507 927 qui
532 846 661 913 Graeco
685 865 844 914 sermone
865 864 952 914 usus
973 854 1076 915 esset.

258 983 310 1048 Ex
348 983 402 1048 his
436 984 606 1065 capitibus
640 985 700 1049 vix
723 1004 814 1051 unus
837 985 969 1051 alterve
992 986 1088 1052 locus
1111 991 1176 1069 est,
1201 1003 1268 1068 quo

218 1120 386 1185 Ciceronis
408 1121 645 1186 testimonium
668 1122 860 1204 comparari
883 1127 1008 1204 potest.

264 1256 341 1338 Cap,
366 1256 481 1322 ΧΧΧ.
505 1253 708 1329 »ἐνστάντος
725 1258 763 1315 δὲ
779 1262 842 1316 τοῦ
859 1255 980 1334 salom]
996 1259 1093 1340 (legis
1102 1259 1269 1335 Maniliae)

217 1387 276 1445 τὸν
292 1388 401 1459 δῆμον
418 1384 628 1458 φοβηθέντες
642 1382 796 1457 ἐξέλιπον
812 1391 870 1444 καὶ
884 1389 1138 1460 κατεσιώπησαν
1151 1388 1185 1447 ol
1199 1394 1269 1447 λοι-

214 1524 272 1581 ποί
288 1523 437 1594 ,Κάτλος
454 1522 492 1580 ot
509 1525 572 1578 τοῦ
586 1522 696 1592 νόμου
705 1497 817 1579 πολλὰ
825 1524 1110 1599 reseruemus-”u
1121 1563 1150 1583 ..
1174 1526 1271 1592 Prae·

215 1667 269 1727 ter
292 1659 453 1727 Catulum
475 1659 580 1727 etiam
592 1660 799 1726 Hortensius
811 1662 919 1726 verbe
930 1661 1010 1728 fecit
1026 1666 1146 1728 contra
1158 1662 1269 1743 legem
1305 1687 1308 1692 ·

216 1797 399 1865 Manilium.
424 1797 465 1862 cf.
490 1796 557 1863 Cio.
581 1814 642 1879 pro
667 1796 741 1877 lege
763 1797 852 1863 Men.
879 1800 930 1863 17.
953 1799 1006 1864 51.
1033 1799 1102 1882 „At
1114 1801 1205 1865 enim
1217 1802 1269 1866 vir

217 1935 434 2018 clarissimus,
458 1933 718 2000 amantissimus
731 1934 946 2017 reipublicae,
960 1935 1085 2002 vestris
1097 1937 1270 2005 beneficiis

216 2071 436 2154 amplissimis
458 2070 624 2152 adfectus
649 2070 686 2151 Q.
712 2069 865 2154 Catulus,
890 2073 1041 2153 itemque
1063 2075 1209 2140 summis
1221 2093 1269 2141 or-

214 2209 387 2276 ramentis
409 2209 557 2291 honoris
581 2209 749 2291 sommae,
771 2209 920 2292 virtutis,
945 2210 1071 2291 ingenii
1082 2212 1268 2296 praeditus

216 2348 252 2430 Q.
287 2346 494 2413 Hortensius
528 2347 571 2411 ab
603 2346 667 2412 hac
694 2346 827 2411 ratione
851 2347 1079 2414 dissentiunt.
1095 2400 1101 2415 .
1116 2399 1146 2415 ..
1183 2351 1274 2447 Quid¹

215 2484 318 2566 igitur
351 2484 402 2550 ait
435 2483 669 2556 Hortensius?
704 2482 740 2548 Si
763 2483 822 2547 uni
847 2485 961 2549 omnia
984 2486 1166 2584 tribuenda
1190 2488 1269 2571 sint,

216 2639 326 2688 unum
347 2621 584 2702 dignissimum
608 2638 683 2686 esse
706 2620 918 2703 Pompeium,
943 2621 1003 2686 sed
1027 2622 1069 2687 ad
1093 2641 1201 2688 unum
1223 2628 1271 2689 ta·

217 2777 297 2825 men
319 2759 434 2824 omnia
458 2758 579 2823 deferri
604 2775 672 2824 non
697 2759 887 2839 oportere.”
912 2791 955 2804 -

259 3032 356 3098 Idem
390 3031 558 3115 proelium
593 3031 684 3114 apud
719 3011 941 3114 Euphratem,
975 3050 1042 3116 quo
1065 3033 1271 3100 Plutarchus

218 3169 324 3235 tradit
346 3168 758 3251 Mithridatem'fugatum
774 3187 860 3251 esse,
874 3169 990 3235 Cicero
1007 3175 1270 3236 commemorat:

218 3324 280 3388 pro
303 3306 445 3371 Murena
471 3307 522 3372 16.
548 3305 601 3371 34.
629 3307 745 3391 „cuius
769 3306 944 3387 (Pompeii)
969 3323 1012 3370 ex
1035 3306 1193 3372 omnibus
1215 3325 1272 3389 pu·

219 3443 304 3527 gnis,
326 3461 413 3525 quae
437 3446 532 3509 sunt
542 3442 817 3525 innumerabiles,
841 3441 1074 3530 velacerrima
1087 3442 1170 3506 mihi
1183 3442 1271 3508 vide·

216 3584 274 3647 tur
296 3566 364 3663 ills,
392 3596 480 3661 quae
503 3597 581 3644 oum
602 3597 681 3660 rege
703 3579 887 3644 commissa
909 3582 963 3644 est
986 3582 1022 3644 et
1044 3597 1179 3646 summa
1198 3598 1271 3646 con·

100 3726 103 3735 '
193 3720 370 3786 tentione
400 3721 571 3802 pugnata3
609 3736 676 3799 qua
710 3736 753 3783 ex
782 3735 898 3800 pugna
922 3735 1000 3783 cum
1022 3717 1078 3783 ille
1103 3735 1140 3784 se
1164 3720 1270 3801 eripu-

217 3856 301 3923 isset
337 3859 373 3921 et
404 3855 596 3936 Bosporum
629 3854 848 3938 confugisset,
886 3872 952 3936 quo
985 3855 1156 3921 exercitus
1178 3857 1271 3921 adire

218 4011 286 4059 uon
313 3995 441 4076 posset,
466 3991 571 4057 etiam
595 3991 629 4056 in
652 3995 808 4056 extrema
828 3991 967 4057 fortuna
990 3995 1026 4056 et
1048 3992 1129 4073 fuge
1145 4010 1268 4059 nomen

254 4290 292 4362 (ᾗ)
310 4292 331 4344 J.
351 4291 380 4345 C.
399 4292 536 4362 Vollgrall',
555 4291 643 4344 Greek
665 4290 771 4343 writers
789 4306 823 4342 on
845 4289 950 4342 Roman
970 4289 1072 4358 history
1090 4305 1149 4359 pap.
1171 4289 1214 4342 69.
