3054 5032
744 348 787 410 50

233 546 379 628 gratiam
413 545 628 611 comitiorum
662 544 891 609 consularium
912 544 1110 608 dilationem
1132 545 1289 626 petisset,
1391 561 1392 565 ’

235 683 391 764 sequenti
426 700 515 747 anno
552 699 687 747 summa
720 699 783 762 ope
822 681 936 745 enisus
971 685 1033 761 est,
1067 685 1106 745 ut
1128 681 1291 746 Afranius

236 821 354 886 consul
379 824 561 885 crearetur.
587 819 745 884 Pisonem
769 818 803 882 ln
821 818 885 883 hac
898 835 934 882 re
947 818 1137 883 adiutorem
1150 819 1289 898 habuit,

237 958 427 1039 supplenda
463 957 553 1022 enim
586 960 668 1022 sunt
699 956 871 1021 Plutarchi
897 958 1003 1021 verba
1026 956 1221 1021 testimonio
1245 957 1290 1020 Ci-

237 1096 386 1161 ceronis:
411 1095 518 1177 Epist.
544 1095 587 1158 ad
608 1095 683 1159 Att.
711 1094 737 1158 l.
769 1094 819 1159 16.
847 1095 897 1159 12.
922 1099 997 1169 (scr.
1022 1094 1151 1158 Romae
1174 1111 1291 1159 mense

236 1235 322 1300 Maio
358 1252 388 1299 a.
423 1235 478 1308 61)
516 1251 628 1317 „nunc
661 1237 714 1297 est
758 1232 970 1314 exspectatio
1006 1232 1230 1314 comitiorum,
1255 1231 1289 1294 in

235 1390 323 1453 quae
348 1371 505 1438 omnibus
529 1370 647 1435 invitis
673 1369 784 1434 trudit
795 1369 940 1450 Magnus
952 1372 1069 1434 noster
1078 1368 1158 1433 Auli
1170 1369 1288 1451 filium,

235 1515 341 1591 atque
375 1509 418 1573 in·
446 1525 485 1574 eo
509 1525 619 1588 neque
646 1508 853 1572 auctoritate
873 1524 983 1588 neque
1011 1506 1121 1587 gratia
1148 1511 1289 1589 pugnat,
1368 1474 1372 1481 ¹

238 1648 297 1713 sed
321 1647 444 1729 quibus
475 1646 652 1727 Philippus
673 1645 787 1710 omnia
814 1645 956 1710 castella
981 1645 1169 1727 expugnari
1189 1662 1290 1727 posse

239 1785 383 1856 dicebat,
402 1784 520 1849 consul
542 1788 680 1848 autem.
699 1833 705 1848 .
722 1783 959 1864 ..suscepisse
976 1783 1151 1863 negotium
1167 1783 1289 1848 dicitur

238 1926 273 1987 et
311 1922 401 1986 domi
438 1920 603 1986 diuisores
637 1920 785 2000 habere;
808 1915 898 2000 'quod
921 1937 982 2001 ego
1004 1937 1072 1983 non
1097 1920 1206 2002 credo,
1230 1921 1289 1986 sed

239 2063 382 2124 senatus
410 2058 567 2123 consulta
594 2058 659 2122 duo
681 2057 750 2120 iam
773 2057 968 2121 factasunt
991 2058 1118 2140 odiosa,
1143 2058 1232 2138 quod
1255 2057 1290 2122 in

238 2196 413 2261 consulem
437 2197 529 2260 lacta
550 2198 725 2277 putantur,
740 2164 869 2260 Catone
882 2198 917 2259 et
928 2194 1074 2259 Domitio
1085 2195 1291 2279 postulante,

239 2352 345 2398 unum
380 2337 419 2398 ut
454 2332 543 2414 apud
578 2332 802 2411 magistratus
834 2331 957 2411 inquiri
988 2331 1114 2415 liceret,
1146 2333 1291 2398 alterum

240 2471 336 2536 cuius
365 2470 456 2535 (lomi
482 2469 647 2534 divisores
670 2469 878 2550 habitarent,
902 2469 1067 2534 adversus
1090 2487 1164 2534 rem
1188 2471 1292 2552 publi-

240 2606 347 2673 cam.”
372 2607 483 2672 Aliter
506 2606 711 2671 Plutarchus
723 2623 795 2670 rem
808 2606 949 2687 exponit
961 2607 1169 2672 contendens
1180 2608 1293 2689 ipsum

240 2745 440 2826 Pompeium
475 2743 606 2808 civibus
640 2743 675 2806 in
710 2743 829 2807 hortos
852 2759 934 2807 suos
953 2742 1171 2809 venientibus
1191 2744 1293 2809 tribu·

239 2882 303 2946 tim
325 2879 505 2962 pecuniam
531 2879 697 2961 divisisse,
722 2882 761 2943 ut
783 2896 841 2942 eos
864 2878 1005 2943 Afranio
1030 2879 1235 2945 conciliaret.

281 3018 323 3082 ln
349 3017 501 3098 Pompeii
526 3019 640 3081 aetate
665 3015 845 3080 indicanda
869 3015 961 3097 (Cap.
982 3016 1106 3091 XLVI)
1123 3017 1295 3084 levisPlu-

241 3154 352 3220 tarchi
370 3171 462 3219 error
485 3157 549 3218 est.
574 3152 755 3234 Pompeius
776 3153 876 3234 enim,
890 3147 944 3207 ὅτι
960 3149 1020 3206 τὸν
1037 3152 1152 3223 τρίτον
1168 3155 1295 3226 θρίαμ-

216 3291 303 3387 ιβον
335 3285 400 3346 ἀπὸ
426 3291 485 3359 τῆς
511 3289 624 3360 τρίτης
648 3281 788 3359 ἠπείρου
813 3286 1008 3358 κατήγαγεν,
1043 3308 1111 3354 non
1135 3296 1206 3360 τοῖς
1223 3308 1294 3348 τευ.
1346 3294 1352 3303 ·

244 3421 434 3494 vacunam
451 3425 631 3496 προσῆγεν)
651 3424 710 3488 sed
730 3423 798 3487 iam
811 3424 1079 3506 quadragenario
1092 3428 1200 3493 maior
1209 3434 1293 3494 orat.

243 3557 317 3621 Hoc
342 3557 390 3621 ita
412 3575 487 3622 sese
515 3559 640 3624 hahere
664 3559 737 3641 ipse
760 3560 965 3628 Plutarchus
984 3562 1049 3628 alio
1060 3563 1132 3629 loco
1144 3568 1294 3631 testatur

243 3711 398 3777 narrans,
426 3695 626 3777 Pompeium
651 3714 755 3777 quum
778 3698 965 3763 exercitum
991 3699 1163 3781 colligeret
1187 3703 1221 3766 in
1245 3705 1295 3768 Pi·

244 3847 326 3895 ceno
346 3849 375 3896 a.
400 3832 443 3895 83
468 3832 589 3912 viginti
613 3837 684 3898 tres
703 3850 811 3899 annos
835 3839 955 3900 natum
979 3836 1083 3902 fuisse
1107 3839 1198 3922 (Cap.
1222 3841 1292 3915 Vl).

287 4104 386 4170 Nunc
419 4105 607 4191 uideamus,
636 4125 723 4188 quae
744 4125 786 4173 ex
808 4109 981 4175 Plutarchi
1006 4115 1177 4179 sententia
1200 4116 1291 4198 (Cap.

244 4240 366 4316 XLVI)
405 4243 557 4324 Pompeii
592 4245 739 4310 conditio
774 4245 876 4311 luerit
902 4247 979 4312 inde
1007 4265 1049 4313 ex
1077 4268 1116 4316 eo
1140 4255 1293 4335 tempore
