2970 5032
713 254 754 316 74

212 452 301 533 quod
327 452 441 518 Cicero
477 452 520 516 ad
550 451 705 516 Atticum
741 449 877 532 scripsit
913 447 1054 530 Neapoli
1090 465 1120 512 a.
1147 446 1179 512 d.
1213 446 1263 512 IV

213 593 288 660 Kal.
320 593 426 658 Maias
459 611 489 658 a.
514 594 555 656 55
580 591 649 668 (IV.
674 593 704 657 9.
727 593 773 666 ll:
801 591 891 676 „Nos
914 591 969 655 hio
995 607 1072 655 eum
1098 588 1263 670 Pompeio

212 731 359 795 luimus:
381 730 490 795 multa
516 746 651 794 meeum
674 729 714 793 de
737 746 773 794 re
796 728 942 811 pubIIoa,
970 744 1053 793 sane
1073 726 1137 792 sibi
1151 726 1264 808 displi-

214 885 304 950 eenS,
334 871 375 934 ut
407 867 610 948 loquebatur
633 868 679 910 ’-
717 866 765 931 sio
789 869 843 930 est
865 864 956 929 enim
976 865 1010 928 in
1034 864 1098 928 hoo
1124 863 1266 928 homine

215 1006 393 1070 dicendum
435 1042 466 1050 -
506 1005 641 1088 Syriam
677 1021 852 1086 spernens,
884 1002 1087 1084 Hispaniam
1107 1003 1265 1067 laetans:

215 1141 269 1206 hio
303 1159 436 1223 quoque
469 1145 509 1207 ut
530 1140 755 1223 loquebatur;
782 1143 826 1223 et,
851 1139 980 1223 opinor,
1004 1150 1266 1220 usquequaque,

216 1279 256 1342 de
269 1279 333 1343 hoo
345 1296 422 1344 eum
436 1279 597 1361 dicemus
610 1277 732 1343 sithoc
744 1277 842 1358 quasi
854 1281 910 1334 καί
927 1276 1008 1334 τόδε
1028 1279 1269 1342 Φωκυλίδου,”

148 1378 150 1381 ¹
261 1415 412 1496 Quatuor
435 1415 617 1499 legionum,
641 1433 727 1496 quas
750 1415 869 1480 eadem
892 1414 947 1479 lex
971 1414 1132 1494 Pompeio
1156 1413 1271 1478 deere-

216 1553 278 1635 vit,
302 1553 356 1616 hle
380 1569 447 1618 non
471 1552 556 1618 duas
580 1552 640 1617 sed
663 1569 768 1616 unam
787 1551 924 1616 Caesari
939 1554 1095 1616 mutuam
1108 1550 1202 1616 dedit
1213 1554 1269 1627 (5).

216 1690 391 1755 Plutarchi
415 1708 507 1756 error
529 1691 608 1755 inde
631 1694 728 1756 ortus
751 1693 813 1773 est,
839 1689 928 1771 quod
951 1690 1133 1770 Pompeius
1145 1695 1270 1772 postea

217 1831 352 1908 praeter
384 1827 478 1892 illam
512 1827 679 1907 legionem
704 1827 808 1892 etiarn
831 1825 976 1891 alteram
999 1844 1020 1890 a
1045 1826 1189 1890 Caesare
1213 1827 1273 1890 ab·

203 1963 315 2028 stulit
338 1963 534 2029 Parthicum
559 1933 686 2028 bellum
709 1963 936 2045 praetendens
959 1966 1012 2039 (t).

261 2099 393 2163 Ultima
425 2100 526 2163 huius
556 2100 677 2180 eapitis
699 2100 805 2163 verba
829 2103 927 2164 sunt:
960 2076 1090 2183 ,illitu
1110 2107 1274 2181 Κράσσος
1348 2112 1352 2120 “

218 2228 281 2297 μέν
298 2225 442 2299 ἐξῆλθεν
460 2227 507 2298 είς
532 2229 591 2299 τὴν
618 2224 782 2302 ἐπαρχίαν
801 2224 1005 2299 ἀπαλλαγείς
1021 2231 1079 2301 τῆς
1096 2225 1272 2299 ὑπατείας,

220 2358 394 2427 Πομπήιος
411 2355 448 2412 δέ
466 2355 505 2412 τὸ
521 2354 673 2430 θέατρον
682 2352 860 2427 ἀναδείξας
874 2352 1005 2427 ἀγῶνας
1019 2342 1078 2429 ἦγε
1088 2357 1274 2427 γυμνικοὺς

219 2488 275 2541 καὶ
297 2485 481 2555 μουσικοὺς
496 2481 549 2542 ἐπί
567 2487 606 2558 τῇ
624 2485 830 2559 καθιερώσει
846 2489 902 2542 καί
919 2489 1040 2560 θηρῶν
1057 2483 1214 2556 ἁμίλλας,
1233 2483 1273 2544 ἐν

220 2603 271 2685 οἷς
301 2615 515 2672 πεντακόσιοι
546 2613 680 2685 λέοντες
705 2611 931 2698 ἀνῃρέθησαν,
958 2612 1011 2673 ἐπί
1039 2619 1120 2673 πᾶσι
1146 2617 1183 2674 δὲ
1208 2617 1273 2688 τὴν

221 2739 526 2815 ἐλεφαντομαχίαν,
543 2739 852 2813 ἐκπληκτικώτατον
868 2742 1204 2818 θέαμα,παρέσχεν.”
1218 2740 1270 2803 EX

222 2875 275 2940 his
306 2875 462 2956 sequitur
495 2875 696 2956 Pompeium
727 2874 902 2938 theatrum
938 2875 1157 2960 dedicavisse,
1182 2882 1272 2958 post·

222 3030 325 3091 quam
349 3011 492 3076 Crassus
515 3011 549 3074 in
573 3011 783 3092 provinciam
807 3011 938 3076 abierit.
980 3011 1123 3078 Crassus
1147 3013 1272 3094 profec-

221 3155 279 3216 tus
313 3155 366 3215 est
389 3167 507 3215 mense
530 3149 727 3232 Novembri,
762 3149 801 3216 of.
827 3150 886 3231 llp.
912 3151 954 3214 ad
977 3151 1052 3216 Att.
1077 3151 1136 3216 IV.
1163 3153 1212 3218 13.
1234 3147 1271 3218 ’2.

222 3293 297 3364 (sor.
323 3287 357 3350 in
381 3263 571 3351 Tusculano
596 3304 712 3358 mense
736 3287 926 3361 Novembri¹
947 3305 976 3352 a.
992 3289 1061 3362 tel:
1088 3288 1271 3374 „Crassum

222 3424 357 3504 quidem
393 3426 550 3489 nostrum
584 3423 714 3487 minore
749 3423 915 3504 dignitate
950 3425 1047 3488 aiunt
1081 3425 1272 3506 profectum

222 3559 433 3641 paludatum,
469 3577 571 3640 quam
607 3558 687 3623 olim
722 3559 900 3639 aequalem
936 3559 1008 3624 eins
1043 3560 1079 3627 L.
1115 3562 1272 3660 Paulum,

222 3698 305 3761 item
339 3696 464 3760 iterum
499 3695 705 3761 consulem.''
750 3694 826 3758 Hoc
855 3695 959 3775 igItur
982 3697 1203 3761 statuendum
1226 3700 1272 3763 sit

260 3930 290 4002 (g)
310 3931 358 4000 Ep.
386 3931 419 3984 ad
437 3931 511 3984 Fam.
531 3930 599 3986 VIII.
618 3931 644 3983 4.
664 3932 680 3982 4
698 3930 800 3983 mentio
819 3931 886 3983 faeta
906 3937 947 3983 est
965 3931 998 3983 de
1017 3948 1048 3984 ea
1068 3932 1170 4001 legions
1189 3950 1271 4002 quam

222 4049 250 4101 C.
270 4049 376 4103 Caesari
396 4049 539 4120 PompeIus
557 4065 701 4119 expensam
722 4049 791 4104 tulit.

259 4169 306 4241 (js)
326 4169 401 4224 Caes
420 4169 453 4221 de
472 4169 546 4222 Bello
564 4169 632 4221 Gall.
652 4167 723 4220 VIII.
744 4167 780 4220 54
