2970 5032
772 290 812 352 16

260 483 358 539 πόλιν
374 477 562 552 ἐγνωκότος
580 475 688 537 αὐτοῦ
705 478 860 549 κολάζειν
875 476 1057 550 γενομένην
1074 475 1160 546 μετὰ
1178 477 1247 532 τῶν
1255 492 1315 532 πο·

260 599 399 667 isuram,
414 594 537 666 Σθένις
554 591 574 652 ὁ
592 594 790 666 δημαγωγὸς
808 592 1032 664 αἰτησάμενος
1050 590 1152 663 λόγον
1168 587 1231 647 οὐκ
1249 587 1315 661 ἔφη

261 710 375 767 δίκαια
391 710 542 782 ποιήσειν
559 710 620 767 τὸν
637 709 816 782 Πομπήιον
832 705 893 765 ἐὰν
909 707 970 765 τὸν
987 705 1099 764 αἴτιον
1116 703 1215 780 ἀφεὶς
1232 701 1314 762 ἀπο-

260 820 340 898 λέσῃ
365 826 446 897 τοὺς
471 826 577 898 μηδὲν
602 821 815 894 ἀδικοῦντας.
833 822 1014 897 Ἐρομένου
1032 822 1070 880 δὲ
1089 817 1221 879 ἐκείνου
1239 822 1315 877 τινα

261 935 349 1011 λέγει
374 940 435 998 τὸν
460 937 581 1005 αἴτιον,
598 935 722 997 ἑαυτὸν
739 935 758 995 ὁ
776 935 901 1009 Σθένις
915 935 995 1009 ἔφη,
1013 937 1094 1007 τοὺς
1112 936 1176 1006 μὲν
1193 937 1316 1008 φίλους

259 1056 419 1113 πείσαντα
436 1057 505 1112 τῶν
513 1057 673 1120 πολιτῶν,
681 1053 762 1124 τοὺς
773 1053 802 1110 d'
814 1049 965 1126 ἐχθροὺς
974 1051 1190 1123 βιασάμενον.
1206 1046 1316 1121 ’Δγασ-

260 1171 336 1239 sag
361 1154 424 1226 οὖν
448 1169 509 1240 τὴν
533 1170 724 1243 παρρησίαν
748 1170 805 1225 καὶ
831 1169 870 1225 τὸ
897 1166 1056 1242 φρόνημα
1074 1168 1136 1224 τοῦ
1154 1161 1316 1239 ἀνδρόςὸ

260 1283 436 1356 Πομπήιος
463 1279 572 1355 ἀφῆκε
597 1286 655 1355 τῆς
680 1282 790 1354 αἰτίας
818 1286 954 1357 πρῶτον
976 1278 1116 1346 ἐκεῖνον,
1140 1267 1214 1338 εἶτα
1235 1280 1316 1349 τοὺς

260 1399 386 1472 ἄλλους
404 1399 585 1472 dranosa
608 1404 736 1470 Eadem
759 1422 815 1469 res
838 1404 970 1469 duobus
993 1402 1069 1468 aliis
1093 1402 1175 1468 Iocis
1199 1420 1219 1466 a
1243 1400 1317 1466 Plu·

262 1543 380 1608 tarcho
416 1547 595 1609 narratur:
631 1541 807 1625 Apophth.
841 1541 900 1606 Cn.
925 1541 1043 1623 Pomp.
1068 1539 1117 1604 HI
1141 1543 1176 1605 et
1199 1540 1316 1604 Praec.

262 1679 357 1761 Reip.
381 1679 459 1746 Ger.
484 1679 581 1745 XIX.
594 1679 644 1744 At
656 1678 836 1744 discrimen
849 1678 949 1744 estin
962 1677 1156 1743 nominibus
1169 1699 1177 1760 ;
1190 1676 1315 1747 Σθένις

263 1822 405 1883 vocatur
431 1812 595 1896 Σθέννιος
618 1819 680 1881 aut
702 1817 868 1879 naevios,
891 1816 1030 1896 cinoque
1054 1816 1146 1880 cives
1170 1832 1239 1880 non
1262 1813 1318 1878 Hi-

262 1955 387 2021 meraei
411 1955 470 2020 sed
493 1954 687 2019 Mamertini
710 1956 802 2019 sunt.
826 1952 912 2034 Quid
935 1951 1036 2017 huius
1060 1952 1108 2017 rei
1125 1969 1246 2016 verum
1258 1951 1314 2029 sit,

263 2092 432 2158 Ciceronis
455 2085 650 2156 testimonio
674 2091 838 2172 probatur
862 2094 907 2171 et,
931 2106 1138 2170 quamquam
1162 2089 1237 2171 ipsa
1262 2106 1317 2154 res

262 2220 359 2310 narvi
382 2227 548 2293 momenti
571 2229 634 2309 est,
659 2230 776 2291 tamen
799 2243 905 2307 quum
917 2226 1086 2308 pertinere
1103 2226 1260 2292 videatur
1272 2224 1316 2290 ad
1388 2275 1393 2282 .

263 2355 357 2430 illam
380 2364 422 2429 de
444 2364 597 2430 tontibus
620 2364 866 2447 quaestionem,
892 2363 1062 2428 Ciceronis
1086 2364 1192 2429 verba
1215 2380 1315 2445 appo·

263 2521 353 2569 nam.
400 2502 532 2568 Sthenii
563 2501 775 2567 Thermitani
806 2518 906 2583 quem
930 2500 1056 2565 Verres
1080 2500 1203 2566 misere
1215 2517 1316 2565 vexa·

263 2645 371 2726 verat,
403 2640 517 2706 OIcero
541 2639 659 2705 multis
682 2639 797 2704 verbis
820 2638 1028 2703 mentionem
1051 2636 1151 2703 tecit:
1175 2638 1211 2702 in
1236 2637 1315 2703 Ver-

255 2795 343 2845 rem.
367 2777 409 2842 H.
434 2795 507 2859 cap.
530 2776 688 2841 XXXIV
712 2812 754 2820 —
778 2793 851 2858 cap.
876 2774 1030 2840 XLVIII.
1054 2774 1094 2838 In
1118 2774 1185 2839 iliis
1209 2775 1314 2839 etIam

262 2915 345 2979 haec
368 2913 548 2996 leguntur:
573 2930 646 2995 cap.
670 2912 804 2979 XLVI:
831 2929 977 2998 „magna
1000 2912 1206 2976 auctoritate
1223 2911 1313 2993 apud

261 3050 354 3115 cives
382 3067 463 3114 suos
486 3048 561 3133 fuit,
585 3065 704 3114 omnes
727 3049 873 3113 honores
898 3048 988 3112 domi
1012 3065 1094 3113 suae
1118 3048 1235 3130 gessit,
1260 3065 1314 3129 op-

261 3187 377 3268 pidum
409 3186 640 3252 monumentIs
672 3185 855 3252 decoravit.
902 3185 1005 3267 Apud
1029 3184 1088 3250 On.
1117 3185 1313 3267 PompeIum

261 3324 486 3389 clarissimum
509 3324 622 3388 virum
646 3340 723 3387 curn
746 3327 928 3388 accusatus
951 3326 1054 3405 esset,
1072 3322 1161 3404 quod
1174 3326 1314 3404 propter

262 3460 296 3525 C.
320 3460 415 3525 Marii
437 3459 707 3525 familiaritatem
730 3464 766 3524 ot
788 3459 976 3541 hospitmm
1000 3463 1119 3524 contra
1136 3460 1315 3542 rempubli-

262 3614 337 3662 cam
360 3597 508 3663 sensIsse
532 3614 610 3662 eum
632 3597 758 3661 inimici
782 3600 818 3663 et
837 3600 1054 3662 accusatores
1067 3596 1140 3662 eius
1152 3597 1314 3679 dicerent,

262 3752 405 3816 cumque
428 3733 538 3816 magis
560 3734 726 3800 invidioso
751 3751 853 3814 quam
876 3750 958 3799 vero
981 3733 1315 3800 criminearcessere-

261 3876 328 3957 tur,
363 3872 412 3937 ita
446 3889 466 3936 a
498 3871 556 3936 Cn.
581 3870 742 3952 Pompeio
766 3869 946 3935 absolutus
968 3875 1032 3954 est,
1056 3871 1154 3936 utin
1178 3889 1217 3937 eo
1240 3873 1314 3954 ipso

261 4008 382 4074 iudicio
405 4009 588 4091 Pompeius
617 4007 708 4073 hunc
730 4006 878 4088 hospitio
902 4025 964 4073 suo
988 4007 1226 4090 dIgnIssimum
1250 4014 1316 4074 sta·

260 4143 405 4212 tueret.''
