2970 5032
792 300 836 363 64

335 499 411 580 cop.
446 497 653 562 XLVIII-
666 497 743 580 Cap.
772 497 830 563 LI.
877 497 1082 562 Plutarchus
1117 497 1189 577 agit
1223 495 1264 560 de
1298 495 1342 560 iis

286 638 406 720 rebus,
453 652 540 717 quae
575 635 731 700 Caesaris
766 590 984 700 consulatum
1019 635 1223 699 consecutae
1258 636 1341 698 sunt

287 790 394 854 usque
417 773 460 838 ad
485 776 694 838 conventum
716 771 840 836 Lucae.
1083 845 1087 852 ,

331 910 483 975 Primum
518 910 559 975 de
594 909 699 974 Clodii
733 908 930 974 tribunatu:
967 906 1046 988 Cap.
1075 905 1221 971 XLVIII
1243 901 1341 970 »ἐπεὶ

286 1041 350 1115 γὰρ
383 1040 552 1111 (Κλώδιος
577 1042 773 1113 δημαρχῶν)
796 1032 934 1110 ἐξέβαλε
953 1036 1130 1111 Κικέρωνα
1150 1074 1159 1093 .
1178 1073 1188 1092 .
1209 1033 1342 1104 ‚maog

287 1168 452 1245 ἐπεχείρει
477 1173 546 1226 τῶν
569 1170 749 1239 Πομπηίου
779 1166 968 1239 διατάξεων
993 1163 1084 1237 ε’νίας
1101 1162 1264 1238 ἀναιρεῖν,
1282 1165 1340 1219 καί

289 1297 453 1373 Τιγράνην
473 1299 534 1356 τὸν
551 1297 771 1368 αἰχμάλωτον
786 1293 989 1371 ἀφαρπάσας
1007 1284 1077 1366 εἶχε
1095 1296 1157 1353 σὺν
1169 1291 1340 1368 abacistae

287 1435 359 1500 τοῖς
376 1431 489 1501 φίλοις
506 1429 600 1497 δίκας
617 1423 732 1499 ἐπῆγε,
749 1432 868 1500 πεῖραν
885 1422 922 1483 ἐν
935 1421 1075 1496 ἐκείνοις
1090 1428 1149 1497 τῆς
1163 1426 1341 1495 Πομπηίου

288 1565 472 1635 λαμβάνων
493 1559 702 1633 cavannos?
749 1563 879 1629 Iterum
912 1581 953 1628 ac
987 1563 1124 1646 saepius
1158 1562 1272 1628 Cicero
1302 1563 1339 1626 in

288 1703 516 1786 orationibus,
551 1720 636 1784 quas
669 1706 748 1784 post
770 1703 919 1768 reditum
942 1702 1081 1786 habuit,
1107 1702 1213 1768 Clodii
1236 1703 1340 1768 tribu-

288 1844 408 1905 natum
440 1844 685 1906 commemorat
713 1841 815 1922 idque
836 1841 878 1906 iis
901 1841 1034 1924 verbiS,
1058 1844 1098 1905 ut
1121 1841 1339 1922 perspicuum

289 1979 334 2043 sit
367 1995 446 2042 eum
481 1978 556 2044 odio
590 1977 768 2044 inductum
801 1996 874 2044 rem
908 1979 1023 2044 verbis
1061 1979 1208 2044 auxisse.
1264 1977 1340 2042 Hoc

289 2115 507 2181 nihilominus
540 2119 631 2180 certe
654 2118 818 2198 apparet,
844 2114 997 2181 Clodium
1021 2120 1257 2181 contumacem
1282 2115 1341 2179 mi-

212 2229 214 2233 4
289 2253 436 2317 nistrum
469 2251 659 2317 triumviris
682 2269 720 2316 se
742 2251 956 2333 praestitisse
975 2252 1142 2334 imprimis
1165 2252 1338 2334 Pompeio,

290 2408 390 2471 quem
429 2408 459 2456 a.
495 2390 537 2454 58
572 2390 674 2454 rebus
704 2389 849 2471 publicis
873 2389 1009 2455 omnino
1033 2390 1206 2456 abstinere
1226 2390 1339 2470 coegit

292 2543 421 2612 „neque
454 2525 568 2608 legum
602 2522 675 2591 sed'
695 2527 866 2608 parietum
900 2526 1068 2608 praesidio
1103 2526 1212 2591 vitam
1239 2543 1337 2591 suam

288 2664 376 2729 tueri
400 2661 473 2740 (gif
521 2662 726 2729 Plutarchus
749 2663 782 2740 (l.
806 2663 840 2738 l.)
860 2668 979 2729 narrat
997 2663 1150 2729 Clodium
1162 2665 1338 2730 tribunum

287 2801 332 2882 pl.
355 2801 466 2866 tribus
489 2800 691 2882 praesertim
709 2800 812 2865 rebus
836 2799 996 2881 Pompeio
1013 2800 1199 2865 molestum
1212 2801 1338 2868 fuisse:

287 2938 493 3003 labefactare
527 2941 671 3002 conatus
708 2940 762 3002 est
795 2953 882 3017 quae
917 2936 1099 3020 Pompeius
1119 2939 1339 3022 instituerat,

288 3076 467 3155 Tigranem
491 3074 534 3138 ab
559 3090 598 3138 eo
622 3073 781 3157 abduxit,
806 3070 950 3155 eiusque
970 3075 1088 3140 amicis
1111 3075 1190 3141 lites
1212 3075 1338 3142 intulit.

331 3211 426 3293 Quod
449 3211 540 3294 apud
563 3210 786 3276 Plutarchum
809 3211 958 3293 primum
981 3212 1101 3296 estid,
1126 3213 1155 3278 si
1175 3215 1340 3295 temporis

288 3349 440 3413 ordinem
474 3351 567 3413 recte
595 3364 733 3414 servare
756 3347 936 3438 volumus,
960 3344 1133 3429 postremo
1157 3349 1229 3415 loco
1254 3367 1340 3415 com·

289 3484 546 3550 memorandum
570 3487 633 3550 est.
681 3483 746 3550 Cic.
771 3501 831 3565 pro
843 3483 950 3549 Domo
964 3485 1014 3550 15.
1028 3485 1086 3550 40:
1102 3488 1183 3568 „tua
1195 3485 1340 3566 denique

288 3622 398 3688 omnis
432 3622 521 3687 actio
549 3621 790 3704 posterioribus
823 3621 993 3686 mosibus
1015 3620 1080 3687 tuit
1103 3623 1227 3706 omnia,
1252 3641 1340 3705 quae

289 3762 323 3825 C.
349 3759 473 3825 Caesar
507 3759 646 3842 egisset,
682 3758 771 3839 quod
795 3761 915 3823 contra
938 3759 1090 3841 auspicia
1114 3764 1230 3826 essent
1245 3765 1337 3840 acta,

288 3915 348 3979 per
386 3900 544 3962 senatum
583 3895 728 3961 rescindi
762 3896 952 3976 oportere.''
1010 3895 1186 3961 Prioribus
1223 3901 1339 3962 autem

829 4097 1335 4151 -Γ--ῌ

324 4223 359 4295 (5)
394 4222 447 4277 Cic.
464 4228 531 4293 nost.
549 4221 616 4276 Red.
634 4221 661 4274 in
680 4210 747 4275 Seu(
760 4219 785 4275 2.
797 4220 822 4274 4.
