2970 5032
716 282 757 346 32

211 481 338 561 gloriae
360 485 494 562 partem
516 482 701 546 amitteret.
725 482 826 548 Anno
851 483 893 548 60
917 481 1031 548 Cicero
1045 482 1087 548 ad
1100 482 1260 547 Atticum

212 619 368 700 scripsit:
400 621 440 695 d)
466 618 667 704 „Pompeius
690 618 843 699 togulam
871 619 964 685 illam
988 619 1114 700 pictam
1137 622 1261 684 tuetur

211 755 345 821 silentio
369 752 499 839 suam,”
522 755 629 836 iisque
641 755 755 820 verbis
767 754 940 839 indicavit,
954 756 1063 837 qualis
1075 760 1149 820 tum
1161 755 1260 821 Pom·

212 893 277 974 peii
312 892 459 958 conditio
493 891 604 957 fuerit.
650 890 776 956 Eadem
800 892 1048 973 quodammodo
1071 892 1193 957 valent
1212 893 1255 957 ad

212 1030 276 1094 hoc
307 1030 490 1112 biennium,
515 1033 701 1110 antequam
724 1029 903 1111 imperium
927 1033 1047 1094 contra
1070 1030 1261 1110 praedones

140 1119 153 1145 ἱ
213 1167 242 1230 ei
266 1166 417 1231 delatum
441 1171 504 1232 est.
535 1202 566 1210 -

255 1391 303 1456 Do
326 1390 404 1456 belli
428 1391 560 1472 piratici
584 1391 695 1456 causis
717 1408 842 1472 magna
866 1409 909 1456 ex
924 1395 1023 1473 parte
1037 1391 1256 1457 consentiunt

213 1529 416 1595 Plutarchus
440 1527 532 1610 (Cap.
556 1528 675 1593 XXIV
700 1532 735 1592 et
757 1529 873 1604 XXV)
897 1532 932 1593 et
960 1527 1074 1594 Cicero
1098 1526 1171 1611 (pro
1185 1528 1260 1609 lege

214 1666 301 1733 Man.
338 1668 389 1733 11.
425 1667 511 1741 ali:
549 1666 680 1752 „hieme
703 1669 764 1730 aut
786 1665 912 1731 referto
936 1666 1146 1747 praedonum
1169 1669 1257 1732 mari

213 1810 287 1870 erat
309 1803 549 1887 navigandum,
578 1803 671 1868 nulla
697 1803 872 1884 provincia
899 1804 1164 1884 apracdonibus
1179 1805 1259 1869 lite·

213 1961 261 2026 ra,
284 1942 413 2007 multae
436 1941 605 2006 sociorum
628 1942 730 2004 urbes
753 1944 814 2004 aut
840 1943 935 2005 metu
960 1941 1100 2006 relictae
1113 1946 1173 2007 aut
1186 1959 1261 2025 cap-

213 2085 270 2144 tae
273 2130 324 2164 .....
348 2079 415 2142 XM
438 2095 575 2143 secures
598 2077 632 2140 in
656 2076 867 2158 praedonum
879 2080 1089 2160 potestatem
1101 2097 1261 2159 pervene-

214 2221 295 2282 runt
297 2267 349 2301 .....
386 2233 429 2280 ex
462 2215 590 2280 Miseno
626 2214 698 2280 eius
721 2215 829 2296 ipsius
852 2215 958 2297 liberi,
984 2216 1041 2296 qui
1065 2234 1142 2281 cum
1165 2236 1259 2299 prae-

215 2353 358 2418 donibus
381 2356 483 2417 antea
505 2351 550 2415 ibi
572 2350 700 2416 bellum
723 2354 886 2435 gesserat,
911 2369 932 2416 a
956 2351 1183 2445 praedonibus
1207 2373 1260 2420 su·

215 2489 297 2554 lolati
321 2490 437 2555 sunt.'’
461 2488 586 2553 Dehac
598 2504 634 2552 re
646 2487 850 2552 Plutarchus
864 2509 872 2570 3
888 2483 1260 2571 „r'r'lwdiwldvrdvno

211 2582 385 2689 Ἄνταανὶου
410 2633 619 2705 θριαμβικοῦ
645 2627 767 2703 ἀνδρὸς
792 2625 842 2700 εἰς
869 2625 973 2704 ἀγρὸν
1000 2631 1183 2700 βαδίζουσα
1201 2633 1259 2686 καὶ

117 2804 120 2809 ·
214 2770 348 2825 πολλῶν
366 2766 549 2840 χρημάτων
565 2762 823 2868 dassaretiorum
848 2767 990 2850 Propter
1005 2767 1177 2832 Plutarchi
1190 2785 1262 2832 ver·

215 2905 278 2969 ba:
313 2903 540 2988 „dotahim
558 2899 702 2975 dodoog”
737 2906 937 2986 intelligitur
959 2904 1029 2970 filia
1051 2905 1093 2971 M.
1117 2905 1260 2969 Antonii

215 3040 358 3105 oratoris
389 3042 442 3123 ri),
466 3040 523 3121 qui
546 3053 583 3104 a0
609 3041 671 3106 103
695 3059 756 3124 pro
780 3042 918 3109 consule
940 3040 1006 3106 luit
1028 3032 1063 3106 in
1087 3041 1201 3106 Cilicia
1225 3047 1260 3106 et
1347 3085 1349 3088 -

215 3186 251 3241 a⁰
288 3177 349 3242 102
383 3177 619 3259 truimphavit.
665 3178 780 3244 Manet
802 3183 919 3244 autem
942 3179 1055 3259 aliqua
1078 3178 1260 3243 difficultas

146 3390 155 3417 x
215 3313 248 3376 in
281 3313 450 3378 Ciceronis
472 3313 608 3379 verbis:
635 3314 712 3399 „qui
735 3278 813 3380 cum
835 3314 1064 3397 praedonibus
1087 3319 1190 3381 antea
1214 3315 1260 3378 ila·

215 3449 245 3524 (i.
269 3466 295 3515 e.
318 3448 409 3532 apud
431 3449 608 3524 Misenum)
631 3448 956 3532 bellumgesscrat.''
982 3451 1155 3532 Quomodo
1168 3451 1259 3515 enim

214 3584 256 3648 M.
291 3585 464 3650 Antonius
498 3590 623 3670 orator,
651 3589 710 3677 ‚cui
739 3587 854 3653 Cilicia
876 3587 1051 3670 provincia
1075 3587 1258 3669 obtigerat,

214 3722 304 3803 apud
326 3721 492 3787 Misenum
515 3740 593 3787 cum
609 3724 836 3804 praedonibus
848 3724 975 3790 bellum
987 3741 1103 3805 gerere
1116 3724 1259 3805 potuit?

214 3859 339 3941 Aptius
371 3859 435 3924 hoc
466 3859 633 3941 quadrare
656 3861 791 3927 videtur
817 3861 852 3960 in
874 3861 916 3928 M.
945 3860 1135 3926 Antonium
1158 3860 1258 3925 Oreti-

927 4002 1219 4015 -———-—-—..5—

250 4070 287 4144 (S)
305 4071 358 4126 Cic.
377 4073 427 4142 Ep.
447 4072 480 4126 ad
499 4073 553 4127 Art.
570 4072 590 4126 Ι.
608 4072 651 4126 18.
670 4071 696 4128 6.

250 4184 294 4258 (†)
312 4185 405 4239 Dium.
424 4186 444 4239 Ι.
464 4204 522 4258 pag.
541 4185 603 4240 541.
