2970 5032
724 312 767 375 95

220 506 475 591 consulatibus,
520 509 631 573 tribus
665 509 856 592 triumphis,
892 512 1121 579 maximarum
1155 533 1269 582 rerum

218 645 327 725 gloria
361 645 570 710 laetaturum
605 645 719 729 fuisse,
755 647 784 711 si
819 647 922 712 sciret
956 666 992 714 se
1021 650 1056 714 in
1087 651 1268 717 solitudine

218 782 471 865 Aegyptiorum
505 782 714 847 trucidatum
748 783 789 847 iri
823 784 949 850 amisso
985 788 1152 871 exercitu,
1190 794 1268 870 post

219 925 366 986 mortem
392 937 483 985 vero·
503 938 543 986 ea
564 923 798 1004 consecutura,
824 939 910 1002 quae
934 922 1007 987 sine
1030 924 1178 991 lacrimis
1199 944 1267 992 non

218 1075 401 1139 possumus
425 1057 534 1122 dicere
547 1055 585 1122 ?''

261 1195 413 1276 Pompeii
449 1194 590 1258 comites
625 1193 768 1275 denique
801 1197 910 1260 testes
947 1195 1151 1262 adhibentur
1187 1200 1265 1275 (Cic.

220 1338 317 1401 Tusc.
342 1334 400 1399 HI.
418 1335 477 1422 27.
503 1335 568 1407 66.)
592 1333 635 1397 ad
654 1333 860 1397 sententiam
874 1333 1151 1419 confirmandam,
1164 1340 1266 1417 aegri-

217 1473 372 1538 tudinem
406 1471 529 1536 timere
561 1468 677 1550 repelli
710 1487 829 1551 posse:
869 1470 1077 1554 „Constabat
1111 1490 1183 1556 eos,
1209 1476 1266 1555 qul

218 1609 454 1676 concidentem
476 1605 675 1671 vulneribus
699 1606 754 1670 Cn.
780 1606 980 1688 Pompeium
997 1608 1175 1692 vidissent,
1188 1629 1265 1676 curn

218 1749 253 1811 in
280 1746 337 1810 illc
361 1745 435 1826 ipsc
460 1742 678 1827 acerbissime
702 1742 959 1824 miserrimoque
983 1746 1177 1825 spectaculo
1201 1748 1264 1812 sibi

217 1880 387 1962 timerent,
413 1880 501 1962 quud
527 1897 563 1945 se
581 1879 689 1945 classe
702 1880 1263 1967 hostiumcircumfusosviderent

216 2017 298 2082 nihil
322 2017 413 2082 aliud
441 2020 516 2081 tum
540 2016 649 2097 egisse
672 2016 738 2082 nisi
760 2020 800 2081 ut
823 2017 967 2098 remiges
990 2001 1265 2086 hortarenturet

215 2160 255 2221 ut
288 2156 438 2221 salutern
472 2154 741 2236 adipiscerentur
763 2155 865 2237 fuga;
888 2159 1112 2237 posteaquam
1137 2157 1264 2240 Tyrum

216 2293 403 2376 venissent,
436 2298 511 2358 tum
535 2292 701 2357 addicturi
723 2292 971 2374 lamentarique
983 2294 1167 2376 coepisse.'’
1200 2296 1264 2360 His

215 2449 356 2514 prorsus
379 2430 597 2513 contrarium,
622 2429 681 2494 sed
701 2429 870 2494 humanae
893 2434 1038 2494 naturae
1049 2431 1139 2496 haud
1151 2433 1274 2496 minus

215 2572 483 2635 consentaneum
525 2570 578 2632 est
623 2565 713 2646 qued
755 2565 961 2631 Plutarchus
993 2567 1085 2649 (Cap.
1116 2550 1270 2643 Lxxxr'

216 2710 363 2787 enarrat,
400 2707 443 2770 ah
467 2704 588 2769 iisdem
612 2700 775 2767 eiulatum
799 2701 929 2766 editum
952 2718 1037 2786 esse,
1062 2703 1118 2784 qui
1142 2704 1177 2767 in
1199 2707 1263 2768 ter-

213 2837 290 2908 ram
312 2859 421 2924 usque
445 2840 673 2906 exaudiretur.
