2970 5032
742 339 759 402 7

216 533 367 614 Pompeii
401 534 543 600 virtutis
574 538 628 601 est
659 534 770 618 Italia,
795 553 899 618 quam
923 536 980 601 1116
1003 537 1077 618 ipse
1099 537 1211 603 victor
1233 537 1271 604 L.

215 670 309 735 Sulla
333 670 434 736 huius
445 671 574 737 virtute
587 676 622 738 et
633 672 784 738 subsidio
798 671 975 739 confessus
988 677 1042 739 est
1053 671 1270 739 liberatam.'’

214 808 292 873 Una
325 825 380 874 res
412 813 549 876 tantum
572 815 793 895 memoratur,
817 828 905 894 quae
928 812 1090 895 Pompeio
1115 812 1270 878 dedecori

216 948 279 1027 est,
304 945 432 1011 scilicet
455 951 540 1029 (cap.
564 947 616 1011 IX
639 948 674 1012 in
698 948 776 1023 fine)
801 949 890 1030 quod
915 948 1010 1014 Sulla
1033 949 1064 1015 ei
1086 949 1270 1032 persuasit,

216 1088 256 1148 ut
290 1081 428 1148 dimissa
462 1084 615 1150 Antistia
650 1084 833 1150 Aemiliam
865 1103 1009 1151 uxorem
1043 1085 1191 1152 duceret.
1217 1087 1269 1164 (ci.

216 1219 304 1286 Plut.
330 1219 424 1286 Sulla
448 1221 528 1304 Cap.
552 1221 731 1298 XXXIII).
779 1221 828 1287 At
851 1221 973 1288 leviter
996 1222 1181 1304 Pompeius
1203 1240 1270 1288 car·

215 1357 325 1438 pitur:
353 1339 414 1442 „hv
431 1340 493 1415 οὖν
511 1357 694 1432 τυραννικὰ
712 1357 755 1415 τὰ
772 1360 836 1414 τοῦ
862 1357 974 1454 potuer>
991 1361 1049 1415 real
1066 1363 1138 1429 τοῖς
1154 1358 1270 1416 notra

214 1498 345 1567 καιροῖς
361 1493 496 1563 μᾶλλον
512 1488 534 1564 ἢ
552 1498 625 1563 τοῖς
643 1493 823 1563 Πομπηίου
841 1491 980 1567 τρόποις
996 1492 1200 1568 πρέποντα.”
1236 1496 1271 1561 Si

109 1627 111 1629 ’
214 1629 419 1695 Plutarchus
443 1629 625 1694 inhaere
649 1628 892 1695 Caesarianum
914 1635 1053 1697 secutus
1077 1638 1179 1716 essct,
1201 1650 1269 1699 11011

214 1772 288 1831 tam
311 1767 443 1832 modice
466 1765 667 1847 Pompeium
691 1766 961 1847 perstrinxisset.
985 1766 1075 1832 Nam
1099 1769 1179 1850 quid
1195 1774 1272 1836 tum

215 1906 354 1988 propius
377 1905 508 1986 luisset,
533 1921 635 1985 quam
649 1902 804 1969 Caesaris
816 1904 972 1986 exemplo
986 1904 1102 1988 allato,
1113 1906 1165 1982 (cf.
1179 1907 1269 1973 Plut.

145 2024 155 2033 '¹
216 2041 310 2108 Caes.
335 2059 407 2123 cap.
431 2040 458 2116 Ι)
482 2040 682 2122 Pompeium
705 2040 957 2106 inconstantiae
981 2045 1193 2123 coarguere?
1219 2058 1221 2065 ’

259 2178 370 2260 Quum
393 2178 496 2259 igitur
519 2177 573 2243 his
596 2180 632 2242 et
654 2180 802 2258 quatuor
826 2177 992 2258 proximis
1016 2179 1197 2263 capitibus,
1217 2198 1272 2274 ex·

215 2318 323 2401 ceptis
345 2317 387 2382 iis
410 2316 512 2382 rebus
536 2333 622 2398 quas
642 2333 747 2398 supra
758 2317 957 2400 memoravi,
970 2316 1141 2399 polluceat
1153 2319 1270 2385 volun·

120 2484 122 2500 ·
216 2460 271 2520 tas
294 2471 362 2520 non
385 2453 603 2535 vituperandi
627 2452 688 2517 sed
711 2452 872 2518 laudandi
897 2453 1107 2534 Pompeium,
1133 2455 1175 2520 de
1199 2455 1268 2522 fon·

215 2593 308 2658 tibus
331 2592 396 2657 hoc
419 2590 583 2655 coniicore
605 2606 809 2670 possumus:
834 2588 1041 2655 Plutarchus
1052 2591 1087 2655 in
1100 2592 1271 2675 1160111616Ι

216 2732 314 2812 parte
352 2728 437 2793 duos
466 2730 624 2792 auctores
647 2725 812 2791 adhibuit.
859 2724 942 2790 lllae
966 2726 1057 2791 enim
1080 2729 1270 2794 narratiun-

216 2867 322 2951 culae,
347 2883 434 2948 quae
457 2865 501 2929 ad
524 2863 725 2945 Pompeium
748 2863 859 2929 solum
882 2865 1057 2946 pertinent
1080 2869 1115 2931 et
1130 2869 1269 2931 tanturn

215 3007 250 3070 in
283 3005 347 3069 hac
381 3004 464 3085 Vita
497 3002 728 3082 inveniuntur,
763 3001 965 3067 tribuendae
999 3019 1075 3067 esse
1108 3003 1269 3069 videntur

199 3143 392 3209 cuiusdam
420 3139 627 3222 auctoritati,
651 3138 708 3220 qui
732 3138 893 3219 Pompeio
917 3137 1039 3203 favens
1062 3140 1135 3203 eius
1158 3139 1269 3204 vitam

216 3280 405 3362 descripsit,
429 3278 503 3343 sive
526 3275 752 3357 Theophanes
774 3274 839 3340 fuit
863 3275 936 3339 sive
960 3275 1035 3356 quis
1058 3275 1156 3340 alius.
1179 3276 1266 3357 Quin

213 3423 330 3483 autem
364 3416 437 3481 61116
460 3413 657 3480 auctoritati
679 3416 790 3478 totam
814 3411 902 3475 hanc
925 3411 1028 3476 Vitae
1052 3415 1187 3493 partem
1211 3413 1267 3476 tri·

213 3559 369 3639 buamus,
393 3552 577 3636 prohibent
598 3550 686 3614 aliae
709 3565 764 3613 res
788 3548 892 3613 etiam
916 3547 1053 3612 aliunde
1072 3549 1267 3631 1161666111-

214 3694 279 3758 bus
318 3691 359 3755 de
393 3687 545 3770 Pompeii
580 3686 672 3767 lama
701 3683 828 3765 aliquid
852 3683 1052 3749 detrahitur.
1099 3683 1154 3747 Ad
1178 3684 1267 3748 hanc

214 3830 449 3895 difficultatem
472 3823 719 3907 expediendam
743 3821 862 3887 coniici
885 3824 1010 3904 potest,
1034 3821 1069 3884 in
1092 3821 1157 3885 hac
1181 3824 1216 3885 et
1231 3821 1266 3884 111

214 3968 288 4033 aliis
312 3967 543 4032 Romanorum
567 3961 657 4026 Vitis
670 3960 880 4041 scriptorem,
894 3958 951 4039 qui
963 3961 1075 4024 totam
1086 3957 1266 4023 historiam

109 4095 111 4098 ’
213 4107 404 4171 Romanam
437 4099 672 4182 tractavisset,
707 4097 891 4162 Plutarcho
915 4097 959 4161 ad
982 4113 1125 4161 manum
1147 4095 1263 4178 tuisse,

214 4258 359 4323 eumque
393 4240 457 4305 hoc
492 4235 662 4302 communi
697 4233 791 4300 tonte
824 4251 926 4299 usum
962 4250 1047 4316 esse,
1071 4233 1129 4297 ubi
1152 4230 1265 4298 tontes
